3052 4958
694 280 913 342 -36-

211 462 367 543 impetum
389 457 484 520 faciat
507 456 672 535 nauicu103
698 456 754 518 ubi
777 475 854 520 nero
880 456 982 519 altum
1006 460 1121 520 nactus
1145 461 1205 539 est,
1237 462 1305 520 tum
1329 477 1389 520 rra-
1446 472 1452 480 ’

211 569 300 651 uiget
322 565 405 628 uelis
427 563 520 626 factis
547 584 662 647 parum
685 564 875 647 respiciens,
903 583 984 625 num
1011 566 1139 646 portum
1168 567 1259 626 tutus
1283 565 1390 646 capiat

211 674 245 736 id
273 677 397 736 tantum
427 671 522 734 modo
550 690 678 752 curans,
706 690 748 734 ne
776 671 848 753 quis
875 670 1026 752 scopulus
1053 670 1087 731 in
1111 669 1174 732 alto
1199 687 1232 733 11
1260 671 1390 753 erigens

213 782 367 844 damnum
383 778 443 842 sibi
463 782 561 860 paret,
581 797 676 860 quem
696 778 790 860 plane
808 776 1082 859 praeteruehitur3
1102 778 1211 859 itaque
1227 777 1268 840 ad
1285 776 1388 841 finem

212 905 350 970 uergens
374 885 508 948 simulac
531 903 565 946 se
587 885 716 967 longius
738 886 928 967 prouectum
952 901 1020 945 esse
1044 883 1286 965 animaduertit,
1317 889 1390 946 tum

213 998 316 1058 cessat
339 1013 375 1055 ac
400 993 525 1054 desistit
547 992 740 1074 timensque,
763 1009 804 1054 ne
826 989 1027 1073 longioribus
1051 989 1240 1073 ambagibus
1263 992 1391 1073 pericu-

211 1102 280 1164 lum
314 1099 440 1179 subeat,
474 1099 568 1161 citato
602 1117 699 1161 cursu
728 1098 841 1160 dextra
873 1097 1045 1159 sinistraue
1079 1099 1179 1160 caesis
1212 1099 1271 1179 eis,
1305 1117 1391 1179 quae

213 1207 348 1282 obstant,
372 1207 495 1269 exitum
521 1207 715 1287 11111111-
735 1205 785 1267 Ac
809 1223 849 1266 ne
874 1205 946 1286 quis
969 1222 1021 1266 me
1040 1203 1242 1267 audaciorem
1265 1204 1393 1267 iudicet

211 1316 246 1376 iu
284 1312 466 1376 definienda
491 1310 626 1374 Charisii
657 1311 891 1377 transcribendi
920 1311 1042 1374 ratione
1070 1330 1184 1394 parum
1208 1310 1391 1374 uerendum

212 1421 353 1501 uidetur,
377 1421 561 1502 praesertim
586 1439 670 1501 cum,
694 1421 721 1482 si
746 1420 800 1480 cui
822 1417 944 1497 libebit,
968 1437 1006 1480 ea
1030 1437 1112 1500 quae
1137 1419 1219 1498 dixi,
1244 1415 1392 1481 (110111-

211 1529 289 1590 risio
323 1527 446 1590 conlato
480 1547 554 1589 cum
586 1530 772 1607 excerptore
805 1524 964 1608 conligere
997 1526 1058 1607 ipsi
1091 1526 1124 1586 in
1157 1530 1308 1608 promptu
1338 1527 1390 1589 sit.

212 1635 321 1717 Atque
344 1634 499 1696 hactenus
522 1633 561 1695 de
585 1634 688 1715 capite
712 1631 753 1696 X.

304 1739 392 1814 Quae
423 1744 605 1822 sequuntur
625 1731 892 1802 tObseruationes
917 1741 1098 1818 nominum,
1129 1739 1246 1822 quibus
1269 1759 1392 1823 genera

212 1852 244 1911 11
270 1848 398 1909 numeri
429 1840 671 1909 discernuntur'
702 1847 814 1928 capitis
841 1844 893 1907 Xl
921 1866 950 1928 p.
976 1849 1391 1927 3114111111-

211 1975 296 2016 mam
325 1960 446 2036 partem
471 1972 512 2015 ex
536 1954 633 2015 unius
656 1953 870 2034 grammatici,
901 1950 1080 2015 Geminiani
1103 1953 1185 2016 libro
1211 1953 1393 2036 exscriptas

212 2078 280 2123 esse
304 2059 546 2123 Schottmueller
574 2080 603 2142 p.
630 2062 669 2123 19
694 2061 807 2141 uoluit,
831 2060 1054 2142 praeterquam
1080 2061 1166 2142 quod
1190 2060 1391 2123 obseruatio-

211 2187 269 2231 nes
293 2169 496 2230 intermixtae
516 2173 621 2230 essent
639 2161 726 2230 haud
745 2185 867 2250 paucae
886 2186 903 2229 e
922 2166 1124 2230 Palaemonis
1143 2168 1233 2231 libre.
1278 2168 1392 2250 Atque

212 2278 400 2358 argumenta
424 2293 498 2336 cum
523 2273 613 2336 nulla
637 2274 791 2354 attiderit,
825 2293 889 2355 qua
918 2293 1015 2336 causa
1038 2275 1090 2336 uir
1113 2274 1227 2338 doctus
1251 2275 1291 2337 ad
1317 2295 1389 2338 eam

211 2382 403 2444 sententiam
427 2380 585 2442 adductus
609 2381 659 2459 sit,
682 2399 747 2442 non
769 2381 931 2463 intellege.
974 2381 1074 2444 Cuius
1097 2383 1144 2443 rei
1169 2383 1390 2462 quaestionem

211 2489 399 2570 priusquam
423 2488 598 2566 instituam,
621 2486 716 2548 liceat
734 2506 837 2569 pauca
859 2490 1069 2570 praemittere,
1095 2507 1177 2570 quae
1199 2489 1234 2550 in
1254 2490 1388 2551 uniuer-

212 2613 285 2656 sum
314 2593 353 2654 de
382 2592 442 2654 hoc
471 2593 698 2654 commentario
729 2592 863 2656 dicenda
889 2595 1052 2658 uidentur.
1103 2593 1212 2677 Longe
1245 2598 1392 2658 maxima

212 2701 298 2763 enim
328 2699 426 2760 huius
456 2700 568 2781 capitis
600 2718 674 2781 pars
704 2703 943 2764 enumeratione
974 2685 1175 2782 singulorum
1207 2702 1391 2783 nominum,

213 2825 295 2889 quae
316 2797 469 2888 ί[11111111
488 2812 519 2868 11
537 2806 713 2890 singularia
732 2803 874 2871 tantum’
893 2815 1019 2890 uocant,
1043 2811 1128 2872 iusto
1148 2813 1254 2871 tamen
1275 2809 1391 2872 ordine

211 2913 407 2996 prolatorum
440 2915 629 2977 continetur.
684 2912 773 2989 Quae
806 2914 845 2977 ab
880 2916 1159 2979 obseruationibus
1191 2915 1391 2998 quibusdam

212 3022 252 3084 ad
275 3022 408 3083 norrrina
430 3021 664 3103 pertinentibus
687 3022 901 3103 excipiuntur.
939 3023 1077 3086 Easdem
1097 3029 1205 3086 autern
1229 3043 1280 3086 res
1301 3024 1389 3106 apud

212 3133 433 3210 excerptorem
468 3148 496 3210 p.
526 3130 600 3205 548,
620 3129 812 3208 1-551,r
848 3130 960 3192 eodem
994 3131 1106 3193 ordine
1138 3130 1289 3213 reperies,
1323 3131 1390 3194 nisi

213 3235 300 3316 quod
333 3234 426 3295 modo
459 3232 621 3295 Charisius
653 3233 747 3295 modo
781 3242 948 3319 excerptor
979 3225 1071 3321 plura
1104 3238 1234 3299 nomina
1266 3239 1390 3320 recepit

212 3340 334 3403 Graeca
352 3358 432 3402 uoce
452 3339 505 3401 uel
524 3339 629 3401 adlata
648 3340 700 3402 uel
720 3343 843 3404 omissa.
885 3342 1057 3407 Diomedes
1082 3362 1211 3426 quoque
1229 3343 1246 3406 I
1265 3365 1292 3427 p.
1312 3346 1389 3427 327,

215 3448 420 3526 16-328,34
446 3446 603 3528 quaedam
623 3447 676 3527 eis,
701 3468 783 3529 quae
807 3449 977 3513 decadem
1001 3471 1036 3513 re
1056 3450 1194 3532 exhibet,
1219 3470 1277 3514 suo
1297 3471 1389 3515 more

211 3554 389 3615 admiscuit.
421 3592 463 3598 -
495 3554 603 3636 Atque
632 3554 777 3616 doctrina
806 3559 905 3619 nostri
935 3560 1155 3621 commentarii
1183 3559 1306 3621 iamin
1331 3576 1389 3621 ex-

211 3663 312 3722 tremo
331 3661 436 3744 priore
451 3661 552 3743 capite
567 3661 708 3722 indicata
724 3667 771 3724 est
789 3662 875 3726 hisce
895 3665 1015 3728 uerbis:
1034 3657 1223 3748 t(lompletis
1243 3665 1390 3748 quinque

212 3767 363 3829 ordinum
398 3766 665 3830 declinationibus
698 3769 866 3833 ueniamus
891 3772 930 3833 ad
958 3774 1043 3855 ipsas
1076 3773 1246 3834 nominum
1279 3771 1388 3835 obser-

211 3874 373 3955 uationes,
405 3893 462 3956 per
495 3893 575 3956 quas
603 3892 721 3956 genera
753 3880 784 3938 et
806 3879 935 3940 numeri
959 3872 1209 3942 discernuntur’.
1263 3875 1389 3952 Quibus

212 3985 321 4062 aperte
352 3980 524 4063 respondet
556 3981 722 4064 inscriptio
755 3984 868 4066 capitis
900 3982 964 4045 Xl:
1003 3977 1069 4048 ‘De
1105 3984 1389 4050 obseruationibus

212 4089 389 4169 nominum,
414 4087 532 4170 quibus
555 4107 673 4171 genera
696 4093 727 4150 et
750 4091 878 4152 numeri
901 4087 1153 4158 discernuntur'.
1197 4092 1285 4168 Quae
1309 4110 1394 4166 uero,

212 4200 393 4277 sequuntur
425 4194 536 4258 uerba:
568 4187 670 4258 ‘Sunt
703 4195 860 4277 quaedam
888 4199 1032 4281 nomina,
1067 4219 1149 4282 quae
1181 4200 1391 4283 singulariter

204 4306 333 4365 tantum
346 4302 576 4386 proferuntur,
598 4307 723 4365 suntet
743 4322 824 4385 quae
842 4304 1009 4386 pluraliter
1026 4310 1166 4385 tantum;
1188 4307 1265 4370 haec
1283 4326 1390 4391 paene
