3052 4958
703 251 922 311 *48*-

220 447 295 491 nem
315 427 516 490 Palaemonis
534 429 628 490 istam
649 425 835 491 confuderit.
877 427 1051 490 Palaemon
1071 428 1162 490 initio
1182 429 1294 511 capitis
1312 428 1398 491 hanc

220 534 352 618 quidem
377 535 618 617 dispositionem
640 533 771 597 fecerat:
796 528 930 597 ‘Omnia
952 536 1051 617 igitur
1075 535 1207 597 nomina
1237 584 1243 598 .
1268 582 1274 597 .
1300 583 1307 598 .
1337 553 1397 618 per

219 641 389 705 duodecim
412 642 542 704 ultimas
560 640 681 703 litteras
699 640 859 704 finiuntur
884 643 1029 724 quinquo
1048 642 1177 705 uocales
1201 662 1219 703 a
1243 659 1260 704 e
1283 642 1294 703 i
1319 660 1337 703 o
1363 661 1397 722 u,

219 768 280 812 sex
299 748 507 811 semiuocales
530 748 541 809 l
565 766 597 809 m
621 767 641 808 n
665 767 720 810 rs
744 768 775 828 x,
799 767 896 810 unam
915 753 1037 810 mutam
1057 753 1077 811 t.
1121 747 1301 831 Sequemur
1320 766 1396 831 ergo

221 855 278 919 bas
302 857 535 918 extremitates.
551 904 557 916 .
573 848 599 917 ‚³
641 852 711 927 Qua
731 853 933 917 Palaemonis
958 854 1166 937 dispositione
1189 874 1304 937 parum
1323 873 1397 938 per-

219 969 327 1045 specta
346 961 509 1025 Charisius
532 962 564 1022 ni
588 960 681 1023 fallor
705 962 768 1023 iam
791 960 889 1023 fontis
914 962 1059 1024 ordinem
1082 961 1306 1045 perturbatum
1325 981 1397 1025 esse

218 1071 368 1153 opinatus
397 1075 452 1133 est.
498 1067 708 1130 Existimauit
735 1067 888 1130 nimirum
917 1087 975 1151 per
1005 1067 1135 1130 uocales
1159 1086 1178 1129 a
1201 1086 1218 1130 e
1241 1069 1253 1128 i
1277 1088 1295 1131 o
1316 1088 1342 1131 u
1367 1073 1399 1132 et

220 1176 338 1238 deinde
368 1193 425 1258 per
453 1178 664 1237 consonantes
693 1174 843 1257 deinceps
873 1174 1000 1257 disponi
1028 1173 1152 1239 debere.
1198 1173 1312 1258 itaque
1337 1195 1397 1238 suo

219 1285 288 1367 ipse
312 1283 414 1346 Marte
442 1281 586 1344 ordinem
614 1282 783 1344 instituere
814 1287 947 1344 conatus
977 1286 1023 1344 est
1050 1283 1216 1345 interitum
1239 1282 1302 1345 sibi
1327 1285 1399 1366 ipse

220 1396 398 1475 paraturus.
445 1387 529 1451 Nam
556 1389 706 1470 quamuis
729 1407 831 1471 paene
859 1407 896 1451 eo
920 1389 1089 1471 processit,
1118 1393 1154 1450 ut
1177 1408 1234 1471 per
1256 1391 1399 1471 uocales

219 1517 301 1581 quas
325 1516 423 1581 supra
447 1495 529 1575 dixi,
558 1495 752 1577 disponeret,
783 1500 891 1558 tamen
921 1500 1092 1579 postquam
1117 1495 1157 1558 ad
1182 1502 1400 1561 consonantes

71 1593 75 1598 ’
120 1598 123 1603 ’
220 1605 377 1688 peruenit,
395 1605 431 1665 in
449 1607 554 1664 tantas
573 1601 730 1664 adductus
750 1607 798 1664 est
817 1605 990 1685 angustias,
1016 1607 1052 1665 ut
1070 1605 1301 1685 praetermissis
1325 1604 1399 1687 plu-

220 1712 311 1774 rimis
339 1704 626 1773 ‘extremitatibus’
655 1709 800 1771 ordinem
828 1709 881 1770 uel
909 1709 1016 1791 potius
1045 1710 1320 1790 perturbationem
1348 1712 1399 1773 in-

221 1820 404 1881 institneret
430 1817 526 1878 hanc:
560 1836 595 1878 as
623 1835 657 1878 es
681 1835 713 1876 m
737 1814 817 1898 (um)
842 1835 881 1878 us
912 1834 946 1878 er
970 1835 1006 1877 ar
1033 1835 1069 1878 or
1098 1836 1138 1879 ur
1159 1837 1207 1879 ux
1235 1837 1276 1879 en
1299 1836 1343 1880 ex
1365 1817 1400 1883 is

220 1925 262 1990 ix
296 1942 335 1990 os
369 1941 420 1989 ox
452 1944 502 1986 ax.
560 1921 684 1996 Quibus
716 1926 824 1984 tamen
852 1914 1143 1987 ‘extremitatibus'
1176 1923 1255 2006 quid
1288 1923 1399 1986 Chari-

219 2033 289 2094 sius
320 2031 461 2093 uoinerit
492 2034 638 2112 apertum
666 2033 721 2092 est.
768 2028 881 2092 Voluit
912 2031 999 2092 enim
1027 2049 1085 2112 per
1115 2031 1259 2114 singulas
1283 2049 1400 2093 conso·

221 2143 334 2201 nantes
359 2139 536 2220 disponere.
585 2134 678 2211 Quod
701 2140 738 2198 nt
759 2135 926 2218 perficeret
949 2140 1076 2199 tantum
1095 2137 1187 2219 afuit,
1210 2141 1247 2200 nt
1269 2137 1399 2221 pristini

219 2245 345 2307 ordinis
368 2264 470 2328 panca
497 2243 635 2307 frustula
662 2245 690 2305 is
714 2244 763 2323 irr,
792 2262 826 2305 os
851 2264 894 2307 ox
921 2245 1079 2308 retineret.
1127 2243 1152 2306 Ο
1181 2249 1395 2327 praestantem

221 2351 400 2415 doctrinam
426 2350 708 2413 Palaemonianam
731 2355 762 2411 et
784 2355 872 2412 tanto
895 2350 1025 2413 homine
1050 2351 1188 2434 dignam,
1214 2370 1296 2434 quae
1321 2351 1395 2414 alte-

221 2460 290 2520 rius
321 2459 448 2520 inscitia
478 2457 745 2539 neglegentiaque
776 2455 874 2518 deleri
906 2477 971 2519 non
1000 2458 1155 2541 potuerit!
1185 2496 1226 2502 —-
1257 2457 1398 2520 Verum-

219 2569 329 2626 tamen
355 2583 396 2626 ex
419 2564 529 2645 paucis
552 2564 623 2624 istis
643 2560 778 2624 Charisii
802 2565 1061 2627 extremitatibus
1086 2565 1219 2627 conlatis
1243 2585 1318 2627 oum
1343 2566 1400 2646 eis,

223 2690 303 2753 quas
323 2670 495 2732 Palaemon
514 2669 668 2750 exhibuit,
691 2670 897 2754 intellegitur,
922 2676 1118 2753 quantopere
1143 2670 1307 2735 Charisius
1331 2691 1421 2739 am-.

222 2776 365 2859 putando
396 2795 433 2839 ac
464 2775 658 2840 detrahendo
691 2776 895 2841 Palaemonis
927 2778 1105 2841 doctrinam
1136 2779 1337 2841 imminuerit
1370 2781 1400 2840 et

222 2885 365 2946 inuicem
397 2883 436 2946 ab
470 2883 725 2947 extremitatibus
758 2905 777 2947 a
810 2884 1003 2948 Palaemone
1036 2886 1164 2968 prolatis
1196 2885 1399 2969 grammatici

222 2992 323 3053 nostri
346 2989 508 3053 doetrinae
531 3011 690 3054 summam
713 2992 928 3073 computando
948 2992 1074 3055 efficere
1092 3012 1271 3075 possumus.
1313 2991 1400 3055 Nam

222 3102 343 3161 utnon
367 3091 484 3161 ‘uerba
502 3098 744 3180 uerborumque
764 3093 993 3181 quaestiones',
1019 3119 1098 3182 quas
1119 3097 1283 3162 Charisius
1302 3099 1401 3182 plane

222 3207 448 3288 praetermisit,
483 3209 626 3286 tangam:
665 3204 822 3267 catholica
853 3226 949 3290 uaga,
986 3226 1067 3289 quae
1104 3206 1184 3270 dixit
1214 3206 1401 3287 Palaemon,

222 3314 366 3375 maxima
390 3315 543 3395 exparte
566 3311 710 3393 neglecta
734 3317 817 3374 sunt.

314 3418 414 3480 Porro
446 3419 674 3500 grammaticus
707 3419 742 3480 in
764 3417 826 3481 hoc
859 3440 989 3503 quoque
1021 3423 1123 3504 capite
1156 3420 1401 3504 diligentissime

223 3526 335 3588 laudat
367 3524 545 3587 doctrinam
576 3545 676 3587 suam.
723 3525 776 3589 Sic
802 3547 831 3609 p.
857 3528 960 3608 67,5;
987 3531 1036 3610 85,
1055 3531 1111 3607 183
1139 3531 1262 3606 87,14;
1291 3530 1400 3609 74,8;

224 3634 339 3714 88,34,
363 3636 400 3694 nt
422 3632 546 3713 reliqua
570 3632 696 3695 silentio
720 3637 925 3715 praeteream,
949 3641 998 3698 ter
1016 3637 1146 3718 respicit
1165 3634 1205 3698 ad
1223 3636 1338 3718 capitis
1356 3634 1401 3717 X,

224 3739 273 3802 bis
302 3740 342 3802 ad
373 3740 485 3822 capitis
508 3737 592 3800 XIV
619 3740 738 3803 titulos.
791 3741 980 3824 Aegerrime
1007 3742 1041 3804 id
1069 3741 1198 3824 quidem
1228 3741 1403 3805 ferendum

224 3850 280 3923 est,
306 3846 393 3928 quod
425 3865 507 3929 quae
529 3839 687 3930 ‘plenior'
712 3851 742 3910 et
765 3840 983 3930 ‘plenissime'
1007 3849 1148 3911 indicata
1175 3852 1223 3911 est
1251 3848 1406 3912 doctriua

221 3953 311 4036 apud
345 3951 525 4017 Charisium
560 3953 765 4018 desideratur.
821 3955 929 4037 Adde,
964 3975 1045 4037 quae
1076 3977 1106 4039 p.
1136 3957 1222 4036 93,3
1256 3960 1402 4020 exstant:

222 4053 343 4122 ‘Multa
371 4079 446 4124 sane
472 4063 700 4142 inueniuntur,
732 4081 815 4144 quae
843 4063 934 4124 uaria
961 4064 1085 4126 ratione
1116 4062 1281 4143 deficiant,
1315 4082 1403 4145 quae

223 4187 283 4230 suo
308 4187 438 4249 quoque
468 4168 563 4231 titulo
594 4168 757 4250 praedicta
781 4162 880 4231 sunt³.
928 4167 991 4243 Qui
1022 4170 1152 4252 quidem
1174 4162 1294 4233 ttituli’
1319 4169 1403 4234 Cha-

223 4274 294 4336 risii
314 4273 549 4336 transcribendi
568 4275 772 4358 neglegentia
791 4275 933 4339 tenebris
952 4277 1140 4340 circumfusi
1161 4282 1246 4342 suut.
1284 4275 1404 4343 Cuius-
