3052 4958
660 510 880 571 -31-

171 690 256 770 esse,
279 708 365 750 5555
389 688 531 770 quaestio
555 687 664 766 oribu,
689 686 836 767 quisnam
859 687 927 748 eius
946 684 1021 748 libri
1040 690 1150 747 auctor
1169 686 1217 747 sit.
1252 682 1353 759 Quem

172 802 214 858 ’51
241 795 400 878 detegam,
432 794 572 877 primum
603 791 779 854 disserendi
808 793 878 856 siue
911 791 1046 855 docendi
1072 810 1182 874 genus,
1212 791 1296 874 quod
1319 793 1355 853 in

177 904 227 966 his
261 900 418 984 capitibus
451 899 644 978 obseruetur,
676 896 832 961 intuebor.
883 899 992 980 Atque
1024 900 1123 961 oratio
1157 916 1193 960 ea
1225 898 1354 980 quidem

179 1009 328 1091 expedita
351 1027 387 1069 ac
409 1006 568 1090 perfacilis
591 1006 730 1066 ciuritur
751 1006 786 1066 15
808 1003 857 1067 IV
876 1011 907 1068 et
928 1004 956 1066 V
979 1006 1165 1088 praesertim
1189 1003 1355 1088 capitibus,

168 1130 261 1196 'quae
284 1113 463 1176 aCharisio
487 1113 575 1175 salua
596 1117 722 1194 recepta
745 1112 817 1191 5151,
841 1112 969 1194 regulae
992 1113 1134 1194 reguiam
1158 1112 1355 1195 subiimgens

178 1224 232 1303 ita,
255 1227 292 1284 ut
313 1221 365 1284 uel
388 1219 463 1283 inde
487 1219 680 1282 concluseris
704 1236 831 1280 omnem
855 1219 937 1280 hanc
960 1218 1137 1281 doctrinam
1157 1238 1199 1282 ex
1217 1240 1280 1282 uno
1301 1238 1355 1282 ore

179 1329 270 1410 quasi
292 1328 394 1391 fusam
418 1345 494 1390 esse.
540 1324 701 1388 Veniendi
724 1324 868 1406 uerbum,
892 1325 931 1388 (15
956 1345 1018 1408 quo
1043 1346 1137 1408 supra
1159 1346 1188 1408 p.
1208 1328 1249 1388 21
1276 1326 1354 1406 dixi,

178 1434 228 1497 bis
252 1435 389 1496 5555511
411 1454 439 1516 p.
467 1435 517 1514 13,
531 1435 587 1496 28:
609 1419 661 1494 ‘iu
685 1433 839 1495 unitatem
865 1427 990 1495 uenire'
1013 1434 1032 1515 i.
1057 1452 1082 1496 e.
1107 1433 1258 1516 coniungi
1282 1451 1354 1495 cum

177 1547 209 1604 et
230 1562 259 1624 p.
286 1543 336 1622 13,
352 1543 413 1604 29:
436 1533 565 1604 ‘uenire
589 1531 686 1620 cuin',
716 1540 802 1621 quod
823 1538 909 1603 idem
934 1539 1099 1622 significat.
1146 1538 1194 1602 De
1219 1539 1354 1602 docendi

175 1666 292 1729 genere
315 1649 454 1729 primum
476 1647 511 1709 id
534 1646 729 1709 monendum
753 1652 808 1727 est,
834 1632 919 1729 quod
939 1645 1057 1708 Graeca
1079 1646 1189 1728 lingua
1211 1647 1356 1727 undique

177 1753 301 1817 conlata
323 1760 371 1816 est
394 1774 467 1817 cum
490 1751 610 1816 Latina.
657 1753 811 1816 Veterum
840 1754 968 1816 dicendi
996 1773 1072 1816 usus
1096 1755 1172 1816 satis
1196 1753 1356 1817 subtiliter

178 1862 378 1923 examinatur
409 1882 438 1943 p.
472 1862 528 1939 16,
565 1862 650 1922 inter
682 1861 859 1943 scriptores,
898 1862 973 1944 quia
1003 1862 1056 1923 hic
1089 1861 1129 1923 de
1161 1859 1354 1939 syllabarum

179 1969 361 2049 quantitate,
387 1973 426 2030 51
447 1967 513 2030 fere
537 1968 682 2048 dicimus
711 1969 854 2049 quaestio
878 1973 940 2049 est,
963 1967 1127 2050 Vergilius
1156 1966 1241 2029 solus
1266 1966 1355 2028 testis

177 2073 339 2136 exhibitus
372 2079 434 2154 est3
475 2075 527 2137 cui
558 2095 587 2158 p.
622 2077 662 2137 15
696 2080 728 2137 51
762 2076 802 2138 16
835 2094 960 2136 summa
992 2076 1162 2136 auctoritas
1193 2073 1353 2135 tribuitur.

177 2179 463 2243 Grammaticorum
491 2182 668 2244 sententiae
695 2182 847 2244 uniuersa
876 2184 977 2243 tactae
1006 2186 1096 2242 sunt:
1128 2173 1223 2243 ‘haee
1250 2180 1356 2242 littera

177 2307 195 2348 a
223 2287 414 2368 quibusdam
441 2282 592 2370 negatur'
619 2308 648 2370 p.
674 2291 703 2369 8,
729 2290 784 2365 143
816 2280 1048 2369 ‘superuacuae
1082 2287 1272 2370 quibusdam
1304 2287 1354 2348 51-

178 2387 311 2452 dentur'
336 2394 435 2472 8,16;
457 2386 547 2456 ‘aliis
569 2394 690 2476 placuit
712 2395 757 2455 ita
780 2387 1048 2474 definire'12,4;
1071 2396 1190 2474 14,1Ο;
1213 2386 1294 2456 ‘non
1317 2398 1356 2454 ut

177 2501 290 2578 putant
312 2494 461 2579 plurimi'
487 2502 599 2581 15,24.
632 2498 700 2563 Nec
720 2500 835 2562 desunt
858 2500 1013 2564 dictiones
1036 2502 1072 2563 iu
1095 2501 1182 2564 huuc
1204 2501 1350 2563 modum:

175 2597 422 2667 ‘consideranda
449 2607 549 2688 igitur
573 2601 635 2670 est'
662 2627 690 2690 p.
718 2608 842 2687 15,15;
865 2599 979 2670 ‘etiam
1007 2607 1041 2669 id
1068 2628 1182 2691 magna
1205 2627 1281 2670 cura
1304 2608 1353 2669 ui-

178 2710 317 2773 dendum
348 2718 408 2792 551,
438 2707 540 2795 quod'
568 2715 617 2796 16,
633 2717 667 2793 5,
697 2707 880 2777 ‘inuenitur
908 2719 1012 2777 155155
1046 2715 1130 2798 apud
1159 2707 1353 2798 Vergilium'

178 2818 266 2898 16,9.
314 2816 397 2882 Satis
421 2820 591 2903 diligenter
614 2822 753 2905 denique
776 2824 1002 2904 grammaticus
1026 2841 1071 2903 ea,
1096 2841 1176 2905 quae
1198 2822 1351 2902 docuerit,

163 2930 303 2988 ¹reuocat
334 2926 370 2989 cf.
395 2948 422 3010 p.
451 2931 551 3009 11,4:
568 2930 664 3011 aad,
689 2931 922 3012 12,22:11,o;
949 2930 1350 3010 13,24:12,12;13,28:

178 3033 228 3113 13,
239 3032 281 3096 20
293 3054 300 3094 :
314 3035 364 3115 13,
375 3036 434 3114 223
458 3038 508 3112 15,
519 3040 539 3099 4
552 3057 558 3098 :
573 3038 691 3117 14,26;
713 3039 763 3116 15,
774 3038 834 3100 24:
849 3038 898 3117 15,
912 3039 960 3099 15.
988 3035 1075 3113 Quae
1095 3038 1202 3099 omnia
1220 3037 1247 3098 51
1265 3055 1350 3099 com-

176 3140 336 3218 paraueris
367 3159 441 3202 cum
469 3142 524 3222 515,
555 3161 637 3224 quae
666 3162 761 3226 supra
786 3164 815 3225 p.
839 3144 975 3207 21-28
1005 3144 1044 3206 de
1072 3143 1271 3206 Palaemonis
1302 3143 1350 3204 di-

177 3244 271 3306 cendi
312 3245 513 3330 docendique
553 3250 676 3312 ratione
716 3252 865 3333 exposui,
909 3250 1001 3313 facile
1043 3250 1194 3314 concedes
1235 3250 1349 3311 miram

176 3351 334 3432 quandam
365 3353 611 3420 similitudinem
638 3357 714 3419 hinc
740 3357 830 3420 illinc
861 3359 955 3420 cerni.
1002 3357 1136 3420 Accedit
1167 3340 1251 3440 quod
1281 3356 1349 3439 pari

174 3457 269 3520 modo
297 3477 347 3521 res
372 3459 542 3542 dispositae
571 3467 647 3524 sunt
674 3467 705 3525 et
731 3465 816 3545 quod
844 3465 896 3527 uel
923 3467 958 3527 in
983 3467 1084 3547 capite
1107 3463 1147 3545 V,
1174 3485 1202 3548 p.
1230 3466 1270 3527 16
1295 3464 1349 3525 (15-

174 3565 269 3627 cendi
292 3563 494 3631 Palaemonis
527 3587 564 3631 ea
594 3571 674 3633 ratio
706 3570 846 3634 indicata
878 3578 938 3653 est,
972 3573 1010 3635 de
1042 3592 1118 3654 qua,
1152 3571 1279 3653 quando
1309 3571 1349 3632 ad

173 3671 271 3734 huius
302 3672 379 3735 libri
411 3680 504 3758 caput
535 3674 601 3739 XV
632 3697 820 3760 peruenere,
856 3678 1000 3760 pluribus
1032 3680 1141 3741 uerbis
1176 3679 1347 3742 disseram:

177 3797 254 3858 quas
276 3778 406 3862 linguae
433 3782 519 3865 leges
546 3789 672 3848 ueteres
705 3786 805 3847 secuti
834 3786 899 3847 sint
928 3787 1103 3868 quaeritur3
1137 3792 1246 3849 utrum
1268 3787 1349 3848 ratio

176 3900 217 3943 an
240 3887 434 3950 consuetudo
457 3889 494 3950 15
518 3889 653 3953 dicendo
672 3892 775 3954 ualeat
794 3892 1000 3971 discernitur;
1024 3893 1165 3956 incultae
1182 3894 1350 3956 uetustatis

174 3989 328 4071 loquendi
354 3993 465 4058 horror
492 3997 684 4079 repudiatur.
710 4035 752 4043 -
776 3998 821 4061 At
848 4018 889 4062 ne
917 4001 959 4063 sit
986 4000 1100 4062 borum
1126 4001 1266 4082 capitum
1289 3998 1350 4061 Pa-

174 4096 301 4160 laemon
324 4105 445 4182 auctor3
475 4103 642 4166 uideamus
668 4123 805 4187 quonam
829 4107 959 4168 uenturi
982 4108 1082 4170 simus
1106 4107 1200 4168 aliam
1223 4107 1349 4169 ratioci-

173 4206 313 4270 nationis
344 4209 432 4270 uiam
466 4210 611 4292 ingressi.
669 4209 830 4274 Charisius
863 4214 950 4275 enim
983 4219 1014 4276 et
1046 4211 1230 4294 Dositheus,
1263 4212 1349 4296 quod

172 4316 282 4394 postea
300 4316 487 4397 aperiemus
511 4335 589 4398 eam,
614 4336 694 4399 quae
717 4318 924 4401 subsequitur
948 4319 1125 4383 doctrinam
1149 4319 1349 4384 cPalaemo-

172 4419 224 4481 nis
250 4418 333 4483 libro
361 4421 597 4485 deriuauerunt.
650 4424 737 4502 Qiiae
765 4446 839 4489 cum
867 4428 913 4490 ita
939 4429 1016 4509 5151,
1046 4432 1082 4490 51
1110 4433 1141 4491 51
1167 4429 1202 4489 15
1223 4446 1350 4511 pracce-

173 4525 262 4589 denti
294 4533 329 4591 et·
356 4529 392 4589 in
429 4527 637 4611 subsequenti
670 4533 813 4597 doctrina
847 4540 982 4620 uterque
1013 4555 1114 4599 unum
1148 4535 1350 4618 eamdemque
