3052 4958
706 214 927 277 ,28-

224 391 286 474 plis
315 391 446 474 abipso
474 389 556 453 fictis
578 391 774 454 inlustratur.
822 389 1009 473 Sequuntur
1030 391 1104 454 inde
1128 411 1146 454 a
1172 412 1201 475 p.
1226 392 1403 469 226,11-

226 499 331 580 aaa-2
360 497 600 561 coniunctiones
624 497 742 579 quibus
765 498 973 581 qualitatibus
1001 499 1070 562 siue
1092 498 1194 561 modis
1216 499 1405 581 iungantur,

226 604 353 668 dicendi
376 605 466 686 ratic,
491 623 573 686 quac
597 605 751 687 exemplis
775 604 814 668 ab
838 605 966 688 optimis
990 605 1196 687 scriptoribus
1218 605 1325 687 petitis
1346 602 1404 667 fir-

225 717 337 776 matur.
389 710 533 787 Quorrnn
564 711 663 774 uerba
695 710 981 775 circumscribendo
1014 731 1051 774 ac
1084 711 1272 775 declarando
1302 730 1407 795 expe-

226 818 367 882 diuntur.
410 817 535 894 Quibus
554 817 763 881 subiunctum
785 817 885 882 fuisse
909 819 1038 883 dicendi
1056 839 1152 883 usum
1174 820 1208 880 in
1232 819 1406 901 scriptores

224 927 289 990 late
307 931 476 1009 patentem,
500 945 519 986 a
539 923 691 1005 Charisio,
716 926 772 1007 qui
791 924 832 987 ad
850 924 988 989 Romani
1007 926 1187 990 breuiorem
1207 930 1406 989 commenta·

225 1034 310 1096 rium
328 1038 483 1116 pergeret,
503 1049 696 1113 oppressum,
719 1030 795 1095 inde
819 1032 942 1115 discito,
967 1034 1053 1116 quod
1071 1055 1100 1118 p.
1122 1033 1195 1115 189,
1206 1033 1407 1114 25-190‚4

226 1139 465 1220 aduerbiorum,
496 1137 655 1220 quomodo
679 1137 764 1221 apud
787 1141 957 1223 scriptores
980 1142 1015 1203 in
1039 1160 1135 1204 usum
1157 1139 1321 1220 uenirent,
1345 1139 1407 1202 dc-

227 1248 347 1310 ctrinae
387 1245 561 1308 frustulum
593 1263 611 1308 e
642 1243 847 1308 Palaemonis
889 1245 971 1310 libro
1009 1268 1028 1310 a
1061 1246 1204 1311 Charisia
1236 1251 1406 1331 receptum

225 1359 454 1435 sematumque
479 1356 534 1414 est.
580 1349 607 1413 E
631 1349 836 1416 Palaemonis
864 1355 953 1416 enim
981 1353 1174 1437 disponendi
1198 1359 1278 1436 arte,
1302 1374 1406 1437 quam

226 1479 383 1522 summam
406 1477 474 1522 esse
491 1464 601 1541 postea
619 1477 787 1542 exsequar,
811 1461 1038 1524 coniciendum
1057 1465 1105 1524 est
1122 1459 1276 1543 loquendi
1294 1479 1406 1544 usum,

227 1568 332 1649 qualis
363 1565 448 1650 apud
478 1567 648 1648 scriptores
678 1565 773 1648 plane
801 1566 982 1649 inuenitur,
1011 1569 1129 1631 rationi
1153 1567 1290 1648 dicendi,
1318 1588 1407 1651 quac

225 1680 274 1738 est
297 1674 336 1737 de
360 1673 666 1754 coniunctionibus,
687 1672 832 1737 additum
863 1674 963 1738 fuisse
986 1674 1085 1736 simili
1107 1674 1216 1755 modo,
1247 1680 1342 1757 atque
1368 1676 1405 1738 in

226 1779 452 1843 aduerbiorum
473 1778 531 1841 illa
554 1778 712 1861 particula
736 1778 998 1863 deprehendatur.
1043 1778 1193 1844 Ceterum
1211 1799 1253 1845 ne
1272 1799 1310 1844 ea
1329 1784 1405 1864 qui-

226 1888 314 1968 dem,
343 1904 423 1969 quae
448 1883 611 1948 Charisius
634 1906 662 1968 p.
687 1886 946 1971 225,5-229,2
969 1888 1112 1971 praebet,
1140 1887 1268 1970 plenam
1296 1907 1404 1971 usque

225 1993 428 2058 Palaemonis
453 1994 632 2057 doctrinam
655 1991 807 2057 efficiunt.
846 1990 938 2068 Quod
959 1994 1053 2058 facile
1076 1994 1251 2077 intelleges,
1275 1994 1304 2057 si
1326 2012 1405 2056 con-

225 2102 428 2166 iunctionum
452 2119 636 2182 numerum,
661 2101 717 2183 qui
739 2104 861 2183 prostat
882 2120 910 2183 p.
935 2101 1010 2182 225,
1029 2102 1200 2182 16-226,
1217 2102 1245 2183 9,
1276 2119 1404 2184 compa-

225 2210 347 2272 raueris
367 2228 440 2272 cum
464 2209 519 2290 eis,
540 2226 621 2291 quae
644 2212 832 2289 sequuntur.
868 2205 1017 2290 Namque
1035 2226 1102 2271 non
1120 2209 1185 2270 nisi
1205 2207 1244 2270 de
1268 2207 1406 2270 minima

226 2335 336 2379 earum
359 2321 462 2399 parte,
494 2313 762 2398 quemadmodum
792 2334 850 2398 pro
880 2316 1005 2377 ratione
1037 2299 1166 2378 dicendi
1191 2313 1404 2397 qualitatibus

225 2424 444 2505 iungerentur,
473 2423 656 2504 expositum
693 2425 756 2499 est,
795 2421 912 2484 deinde
950 2421 1108 2503 quaedam
1147 2421 1404 2503 coniunctiones,

227 2548 310 2611 quae
329 2531 516 2611 conspectui
537 2549 566 2611 p.
591 2529 666 2607 225,
679 2527 871 2608 16-226,e
894 2529 1034 2592 insertae
1053 2548 1118 2591 non
1136 2528 1210 2610 sint,
1234 2533 1341 2591 tamen
1367 2529 1405 2590 in

225 2634 473 2717 insequentibus
487 2635 613 2718 paginis
629 2632 670 2697 ad
684 2634 843 2695 rationem
862 2632 990 2697 dicendi
1009 2641 1179 2699 reuocatae
1193 2640 1277 2699 sunt.
1313 2632 1404 2718 Ergo

225 2760 331 2825 neque
360 2742 438 2805 haec
466 2760 572 2824 neque
600 2741 658 2804 illa
684 2741 811 2823 integra
838 2747 922 2804 sunt.
969 2740 1032 2805 Sed
1061 2743 1139 2806 haec
1166 2747 1277 2826 postca
1298 2742 1404 2825 magis

226 2848 431 2932 apparebunt.

315 2953 502 3020 Disserendi
520 2955 725 3021 Palaemonis
749 2975 859 3039 genus,
883 2960 921 3018 ut
938 2955 973 3018 id
996 2957 1137 3039 denique
1160 2954 1283 3037 addam,
1306 2955 1404 3020 facile

227 3062 390 3145 profluens
409 3066 599 3128 continuum
618 3064 728 3127 osteis
746 3063 935 3145 praesertim
957 3065 993 3125 in
1012 3063 1164 3146 partibus,
1189 3081 1272 3145 quac
1291 3062 1404 3126 saluae

225 3188 244 3230 a
262 3168 403 3234 Charisio
422 3177 567 3254 receptae
586 3174 669 3244 sunt,
692 3167 774 3230 libro
793 3166 852 3248 III,
875 3175 1041 3253 praecepta
1057 3169 1232 3254 praeceptis
1251 3169 1403 3234 adserens

224 3277 277 3358 ita,
300 3281 337 3339 ut
354 3276 408 3340 uel
425 3277 502 3340 inde
520 3275 701 3358 concludas,
724 3273 781 3336 ubi
801 3274 945 3337 doctrina
963 3277 1140 3359 interrupta
1157 3281 1213 3338 aut
1231 3274 1405 3358 deprauata

226 3384 276 3465 sit,
298 3383 355 3446 ubi
377 3402 443 3446 non
465 3384 552 3463 item,
576 3388 676 3465 utque
698 3382 733 3443 in
755 3387 895 3445 mentem
918 3381 978 3445 tibi
1004 3383 1112 3445 ueniat
1136 3380 1280 3446 Suetonii
1301 3383 1402 3448 illud:

224 3488 447 3553 Palaemonem
474 3489 625 3554 facilitate
653 3490 808 3553 sermonis
830 3489 976 3552 homines
1004 3490 1132 3572 cepisse.
1183 3490 1292 3573 Atque
1320 3489 1403 3554 haec

226 3596 357 3679 quidem
380 3596 540 3660 hactenus.

313 3915 383 3979 Iam
406 3936 482 3980 uero
505 3918 541 3979 in
565 3917 702 3981 dicendo
726 3917 933 4001 docendoque
957 3935 1037 4000 quae
1059 3915 1261 3982 Palaemonis
1284 3925 1403 4004 essent,

225 4041 243 4086 e
265 4022 429 4106 particulis
452 4023 517 4086 illis
536 4028 591 4086 aut
613 4044 631 4087 a
650 4022 792 4088 Charisia
816 4025 884 4107 ipso
904 4028 959 4087 aut
982 4021 1282 4089 aSchottmuellero
1304 4023 1402 4091 firmo

225 4135 411 4214 argumento
435 4131 465 4194 ei
488 4129 616 4194 tributis
641 4132 805 4215 quoniam,
836 4136 873 4194 ut
896 4132 1046 4215 oportuit,
1078 4133 1221 4196 emisisse
1242 4132 1403 4218 uidemur,
1470 4212 1473 4216 Α

224 4238 391 4301 ueniamus
423 4237 593 4320 aliquando
624 4238 664 4301 ad
693 4236 813 4301 librum
838 4236 971 4301 Charisii
1000 4239 1154 4322 primum,
1185 4239 1271 4302 unde
1294 4239 1404 4306 exerti
