3052 4958
655 497 875 557 ..17.,

170 697 228 763 per
259 676 382 741 riuulos
411 675 565 759 quosdam
598 673 769 737 deductam
802 690 843 735 ex
875 671 947 733 aliis
981 669 1124 733 fontibus
1155 669 1348 748 hausissent,

172 784 253 868 quid
284 803 395 847 eorum
427 802 491 845 non
523 785 642 844 uocant
673 783 831 859 auctores,
869 777 926 840 sed
958 776 1184 840 Palaemonem
1219 773 1346 858 ipsum?

173 889 344 954 Praeterea
367 889 495 952 diuersa
517 905 762 968 nonnumquam
779 887 946 968 praecepta
965 903 1003 947 ac
1020 884 1164 968 pleniora
1184 881 1349 961 exhibent,

172 1017 191 1061 e
215 997 333 1080 quibus
355 995 684 1071 Palaemonisartem
712 991 751 1054 ab
776 992 822 1055 eis
844 992 948 1074 ipsam
976 990 1122 1054 uolutam
1146 1008 1214 1053 esse
1238 989 1347 1052 enitet.

173 1104 376 1168 Palaemonis
395 1104 549 1166 nimirum
568 1121 618 1164 ars
638 1101 735 1163 etiam
753 1103 823 1161 tum
841 1101 976 1161 aetatem
991 1098 1073 1162 tulit.
1107 1094 1201 1177 Quid,
1222 1113 1349 1177 quaeso,

172 1212 319 1295 impedit,
352 1230 393 1274 ne
424 1210 552 1293 quando
587 1229 605 1270 a
634 1205 765 1270 Sidonio
794 1204 983 1288 Apollinare
1007 1203 1216 1271 ‚Palaemonis
1248 1200 1351 1264 nostri

174 1319 293 1381 mentio
316 1316 400 1380 facta
424 1317 486 1380 sit?

265 1424 334 1487 Iam
362 1444 399 1488 ea
422 1421 677 1486 Schottmuelleri
705 1419 875 1500 sententia,
905 1439 969 1502 qua
991 1417 1218 1481 Palaemonem
1244 1415 1350 1477 rheto-

174 1552 243 1597 rem
273 1552 309 1595 ac
340 1531 582 1613 grammaticum
614 1529 650 1589 in
680 1525 783 1588 Gallia
816 1525 1013 1608 transalpina
1045 1529 1145 1587 artem
1173 1519 1352 1604 professum

176 1659 245 1703 esse
274 1637 410 1714 censuit,
438 1633 703 1696 luculentissimis
733 1633 878 1694 omnium
909 1631 995 1694 haud
1023 1632 1088 1694 scio
1121 1649 1162 1692 an
1191 1627 1354 1691 refellatur

176 1743 381 1826 argumentis.
445 1737 530 1802 Nam
562 1737 786 1800 Charisianum
819 1736 1045 1799 Palaemonem
1075 1736 1196 1799 Romae
1227 1735 1352 1797 uixisse

176 1850 288 1931 ibique
312 1853 411 1908 artem
440 1845 585 1908 docuisse
608 1844 848 1926 grammaticam
870 1844 1152 1926 praestantissimis
1181 1843 1353 1905 documen-

178 1956 220 2018 tis
253 1952 464 2015 confirmatur.
517 1951 646 2015 Etenim
679 1949 865 2012 Palaemoni
897 1954 1019 2031 nostro,
1058 1970 1131 2013 cum
1162 1968 1229 2012 non
1260 1968 1353 2012 num·
1445 1950 1448 1955 '

177 2081 275 2145 quam
312 2079 419 2142 opera,
458 2059 558 2140 locos,
593 2057 656 2120 alia
688 2055 808 2120 Romae
843 2058 947 2141 posita
984 2057 1204 2138 celebrauerit,
1241 2054 1355 2118 urbem

176 2168 395 2252 percognitam
417 2166 517 2228 fuisse
544 2166 749 2230 manifestum
777 2170 832 2228 est.
884 2163 1090 2227 Conferamus
1119 2162 1259 2246 exempli
1281 2181 1353 2245 gra-

177 2277 223 2337 tia
249 2293 367 2357 pauca:
401 2266 490 2352 ‘fori,
524 2273 594 2337 loca
622 2265 894 2357 spectaculorrun'
917 2270 934 2332 Ι
956 2292 983 2355 p.
1010 2273 1133 2351 32,19;
1163 2264 1354 2352 ‘Esquiliae

178 2377 278 2450 τόπος
302 2375 336 2440 ἐν
356 2372 481 2463 ‘Palm
508 2381 627 2461 33,10;
655 2373 752 2441 ‘haec
779 2376 912 2458 pataria,
946 2395 1020 2439 cum
1046 2377 1166 2440 milites
1197 2375 1237 2438 ad
1264 2374 1354 2458 palos

179 2477 393 2562 exercentur’,
423 2487 520 2565 34,4;
550 2478 644 2547 ‘haec
667 2482 850 2546 Parentalia
873 2482 930 2544 ubi
958 2501 1025 2563 eoa,
1055 2484 1111 2564 qui
1133 2500 1264 2567 peregre
1286 2500 1354 2543 mo-

180 2594 317 2672 riuntur,
342 2585 477 2672 colunt’,
502 2592 599 2671 34,5;
622 2583 717 2653 ‘haec
739 2594 850 2670 rostra,
872 2589 963 2677 locus
986 2590 1021 2651 in
1040 2588 1129 2669 urbe,
1152 2588 1209 2650 ubi
1233 2589 1355 2651 contio-

180 2697 322 2779 nantur',
333 2701 386 2779 34,
398 2700 434 2779 63
453 2691 589 2778 ‘bustar,
608 2696 698 2760 locus
717 2696 774 2759 ubi
793 2701 975 2760 cremantur
988 2700 1187 2759 mortuorum
1202 2686 1356 2778 corpora',

180 2807 301 2889 38,19;
325 2799 444 2886 ‘lucan
468 2799 643 2887 θεαιρικὸν
663 2797 834 2886 α’ργύριον’,
859 2804 911 2885 38,
926 2805 985 2881 20;
1010 2797 1104 2867 ‘haec
1126 2800 1297 2882 battualia,
1322 2798 1356 2862 αἱ

181 2916 353 2995 γυμνασίαι
385 2916 449 2974 τῶν
480 2905 697 2992 μονομάχων’,
721 2910 751 2992 Ι,
775 2913 849 2992 549,
865 2913 922 2989 35;
955 2903 1171 2990 ‘Terminalia
1204 2901 1357 2992 ὁροθέσὶα

182 3007 229 3089 οἷς
249 3025 394 3098 Ρωμαῖοι
412 3015 550 3082 θύουσιν
568 3024 709 3102 tempora
727 3011 900 3102 κρόταφα’,
920 3019 1056 3099 550,15.
1077 3001 1119 3061 ὲ·
1140 3013 1230 3090 Quae
1249 3035 1357 3080 exem-

182 3126 236 3208 pla
255 3130 287 3187 et
305 3125 343 3186 ab
364 3131 557 3208 excerptore,
582 3127 637 3208 qui
660 3130 796 3188 uocatur
818 3124 972 3186 Bobiensi
991 3127 1117 3186 seruata
1136 3129 1217 3187 sunt.
1255 3125 1357 3209 Adde,

185 3248 268 3312 quae
290 3251 319 3312 p.
344 3232 396 3310 93,
406 3233 448 3294 29
480 3231 519 3294 de
548 3234 715 3295 nominum
745 3230 955 3295 deriuationis
980 3229 1165 3293 diuersitate
1191 3230 1357 3313 leguntur:

184 3330 283 3399 ‘Nam
303 3355 377 3398 cum
396 3337 438 3398 sit
455 3338 606 3421 Agrippa,
628 3339 795 3402 mulierem
821 3337 1031 3420 Agrippinam
1051 3335 1194 3416 dicuntia,
1220 3338 1359 3404 thermas

184 3462 261 3505 uero
285 3442 560 3529 Agrippinianas.¹
598 3443 680 3508 Item
710 3464 784 3507 cum
811 3446 853 3507 sit
875 3443 960 3507 Nero
992 3448 1029 3507 ut
1051 3443 1114 3523 leo,
1137 3442 1235 3526 pelles
1257 3445 1360 3509 leoni-

185 3570 253 3631 nas,
277 3551 415 3612 thermas
434 3547 635 3612 Neronianas
660 3551 804 3618 dicimus.
844 3551 926 3614 Item
945 3571 1018 3614 crim
1042 3552 1084 3613 sit
1101 3550 1191 3614 Titus
1214 3557 1245 3615 et
1263 3552 1359 3636 lupus

184 3658 311 3738 similia,
335 3658 474 3720 thermas
497 3655 619 3719 Titinas
642 3662 679 3720 ut
700 3658 799 3740 pelles
821 3658 949 3740 lupinas
972 3677 1037 3720 non
1062 3658 1206 3738 dicimus,
1230 3659 1289 3721 sed
1307 3658 1360 3723 Ti-

186 3757 309 3830 tianas'.
334 3802 376 3809 -
402 3761 490 3838 Quae
514 3763 555 3826 ad
573 3762 707 3826 Romam
730 3763 843 3827 urbem
864 3763 1031 3827 referenda
1054 3783 1124 3828 esse
1146 3783 1240 3828 nemo
1265 3785 1360 3850 nega-

185 3871 241 3934 bit.
287 3873 333 3934 At
355 3870 571 3954 transalpinus
600 3871 657 3933 ille
681 3869 865 3952 Palaemon,
895 3871 923 3932 si
946 3871 981 3932 in
1005 3869 1109 3933 Galba
1129 3863 1263 3954 ‘magna
1286 3892 1361 3936 cum

185 3977 289 4059 gloria
317 3977 478 4060 professus
506 3969 613 4058 esset’,
646 3997 703 4041 om·
725 3977 844 4041 Romae
875 3977 974 4041 solius
1007 3978 1180 4061 appellauit
1212 3979 1361 4043 instituta

186 4101 224 4144 ac
247 4101 311 4144 non
332 4101 377 4164 ea,
397 4103 479 4166 quae
498 4083 538 4147 ad
555 4083 690 4147 Galliam
708 4086 909 4167 prouinciam
926 4086 1103 4168 pertinent;
1124 4089 1192 4146 tum
1211 4086 1239 4147 si
1254 4089 1361 4169 quarti

186 4211 215 4274 p.
237 4187 308 4252 Chr.
332 4191 452 4253 saeculi
474 4192 701 4275 grammaticus
723 4191 845 4272 fuisset,
869 4211 927 4254 cur
949 4189 1097 4254 aedificia
1120 4191 1154 4252 in
1175 4193 1360 4276 exemplmn

186 4298 332 4379 uocauit,
366 4316 448 4380 quac
479 4317 516 4361 eo
549 4302 688 4381 tempore
721 4298 809 4360 nulla
840 4299 906 4360 iam
938 4297 1086 4360 fuerunt?
1131 4295 1244 4381 Neque
1275 4301 1363 4363 enim

186 4405 300 4468 ullnm'
313 4406 425 4468 inueni
448 4403 643 4487 exemplum,
672 4424 734 4487 quo
757 4406 957 4488 prouinciam
984 4405 1073 4468 illam
1095 4404 1270 4496 indicatam
1293 4425 1363 4471 esse

186 4517 381 4595 putaremus.
427 4510 579 4573 Thermae
606 4516 714 4576 autem
738 4511 1004 4595 Agrippiniauae,
1031 4517 1069 4574 ut
1091 4512 1152 4574 hoc
1174 4513 1362 4576 unoruerbo

1186 4619 1212 4666 a
