3052 4958
657 488 877 549 ..79„.

176 687 204 749 p.
231 667 304 745 152,
326 667 492 745 10-157,
512 666 554 728 22
579 664 878 747 55555555555555;
903 665 980 726 item
1006 683 1089 746 quae
1111 684 1140 746 p.
1166 666 1350 745 537,15-

176 775 250 853 544,
273 774 323 846 11,
351 773 384 832 15
409 770 544 834 Charisii
570 771 645 834 libri
667 771 683 833 I
707 772 810 854 capite
833 769 867 833 X
895 791 923 853 p.
951 772 1000 852 18,
1022 773 1210 852 7—31,24.
1257 771 1352 834 Prae·

174 877 265 961 cepta
287 898 316 960 p.
337 880 411 957 544,
434 879 604 958 12ψ547,
624 881 665 942 39
690 879 848 942 exstantia
872 878 968 959 capiti
992 875 1075 940 XIV
1100 878 1243 941 eiusdem
1272 877 1351 941 Cha-

178 986 289 1049 5151551
313 984 386 1047 libri
408 1005 436 1067 p.
458 986 510 1060 38,
532 986 688 1065 1--50,6
708 984 919 1067 respondent,
952 985 1168 1047 adhibendum
1191 990 1238 1047 est
1257 987 1352 1048 etiam

149 1083 270 1176 ¹caput
297 1093 378 1154 illud
406 1089 447 1152 X.
500 1088 589 1164 Quae
616 1091 691 1152 1555
722 1112 740 1153 5
771 1111 800 1174 p.
825 1092 899 1171 548,
928 1093 1109 1166 1-551,7
1139 1093 1351 1174 proferuntur,

175 1219 249 1263 curn
277 1199 352 1261 libri
378 1197 512 1260 Charisii
535 1197 551 1258 Ι
575 1198 676 1278 555155
700 1196 750 1258 XI
773 1218 802 1280 p.
828 1200 879 1278 31,
899 1200 1051 1278 25—35,
1074 1200 1113 1260 17
1139 1200 1350 1261 consentiunt.

176 1307 363 1390 Sequuntur
392 1296 612 1386 ‘monoptota'
645 1323 674 1386 p.
704 1306 782 1385 551,
808 1306 948 1385 8ω31,
982 1323 1064 1387 5555
1097 1306 1207 1369 codem
1240 1305 1352 1367 ordine

177 1413 338 1477 Charisius
361 1414 395 1474 in
421 1416 514 1493 caput
536 1409 604 1472 XII
627 1431 656 1492 p.
680 1412 732 1486 35,
755 1413 901 1488 18-37,
923 1416 941 1474 7
966 1413 1136 1474 transtulit.
1185 1410 1273 1486 Quae
1297 1430 1351 1474 ex-

176 1523 339 1604 cipiuntur
361 1518 624 1600 hypocorismatis
654 1537 682 1599 p.
708 1520 782 1598 551,
802 1520 944 1581 32--33
968 1539 1001 1581 55
1026 1519 1243 1597 offerentibus
1273 1519 1351 1581 5555

177 1646 305 1710 555555
334 1625 497 1688 Charisius
528 1625 640 1686 eedem
670 1624 781 1686 555155
809 1626 843 1686 15
874 1630 969 1707 55555
997 1625 1080 1688 XIII
1106 1647 1135 1709 p.
1166 1629 1217 1707 37,
1238 1628 1350 1689 8-18
1404 1615 1406 1619 ’

175 1733 383 1814 transcripsit.
429 1731 498 1794 Iam
526 1730 601 1792 inde
631 1750 649 1791 a
675 1752 704 1813 p.
730 1733 809 1808 551,
829 1734 1007 1813 39-554,
1027 1735 1068 1795 33
1098 1732 1137 1794 55
1167 1737 1351 1815 excerptore

176 1840 307 1900 nemina
338 1837 494 1918 Romana,
529 1855 611 1918 quae
643 1839 726 1920 apud
761 1839 897 1902 Graecos
927 1838 987 1900 clio
1016 1857 1132 1920 genere
1162 1840 1350 1922 funguntur,
1427 1833 1430 1840 ’

176 1943 353 2006 litterarum
376 1943 485 2005 555155
510 1949 690 2007 exarantur.
729 1943 901 2026 Dispositio
926 1950 1032 2007 autem
1055 1947 1258 2029 praecipuam
1281 1964 1351 2028 spe-

177 2051 258 2112 ciem
284 2050 429 2132 praebet;
463 2051 596 2112 nomina
624 2051 802 2113 secundnm
829 2070 946 2133 genera
970 2052 1197 2114 discernuntur
1220 2050 1351 2114 Graecis
1392 2036 1401 2054 ’

174 2156 340 2218 uocabulis
369 2158 526 2240 appositis.
575 2155 663 2230 Quae
692 2177 711 2219 a
739 2156 882 2221 Charisia
910 2164 1035 2241 recepta
1066 2178 1131 2220 non
1160 2162 1241 2221 sunt.
1288 2156 1351 2221 Sed

174 2282 248 2325 eum
272 2269 437 2345 excerptor
465 2282 592 2325 omnem
619 2264 777 2346 reliquam
807 2266 983 2328 doctrinam
1012 2287 1030 2328 5
1054 2265 1244 2328 Palaemone
1271 2265 1350 2347 poti-

172 2370 258 2432 uerit
281 2388 420 2451 cumque
446 2389 555 2432 rerum
577 2371 654 2433 ordo
677 2391 734 2454 per
756 2372 879 2435 litteras
907 2375 1023 2456 optime
1048 2373 1190 2455 digestus
1215 2373 1309 2433 etiam
1332 2392 1351 2433 a

93 2478 96 2483 '
174 2474 367 2539 Palaemone
391 2477 512 2559 551555
535 2478 696 2542 adhibitus
725 2481 779 2560 sit,
810 2499 928 2542 auero
952 2499 1017 2542 non
1041 2479 1235 2560 abhorrebis,
1265 2478 1350 2561 quod

173 2584 302 2663 conicis,
333 2602 402 2645 esse
432 2589 463 2645 et
491 2584 551 2646 hoc
580 2585 650 2647 loco
679 2594 898 2668 excerptorem
922 2586 1123 2649 Palaemonis
1152 2592 1218 2648 arte
1248 2605 1349 2649 usum.

172 2690 276 2770 Adde,
308 2690 395 2772 quod
421 2690 588 2754 Remmius
620 2711 723 2774 usque
756 2712 883 2774 quaque
917 2692 1069 2756 Graecam
1099 2693 1243 2775 linguam
1277 2709 1350 2752 eum

173 2795 287 2858 Latina
311 2798 454 2862 contulit.
480 2836 521 2843 —
547 2796 637 2872 Quae
659 2819 688 2881 p.
714 2802 787 2879 554,
808 2802 1032 2881 34-555,29
1056 2800 1218 2879 15515555,
1243 2796 1350 2860 Chari-

173 2905 240 2966 sius
273 2925 301 2986 5.
330 2906 650 2987 143,14-15Ο,20
684 2908 839 2969 tractauit.
892 2906 1015 2969 Gradus
1047 2904 1289 2987 comparationis
1321 2923 1350 2985 p.

176 3012 249 3091 555,
269 3012 432 3093 30-557,
453 3014 472 3073 2
497 3012 607 3074 tributi
632 3032 650 3074 5
670 3011 812 3075 Charisio
835 3033 862 3095 p.
887 3015 959 3095 112,
981 3013 1146 3092 13-116,
1167 3013 1208 3072 28
1232 3010 1349 3072 seruati

177 3122 256 3180 sunt.
307 3117 461 3200 Sequitur
491 3119 688 3201 pronominis
721 3118 863 3180 doctrina
895 3138 923 3200 p.
950 3121 1024 3197 557,
1045 3120 1198 3197 8-561,
1222 3121 1276 3192 18;
1312 3116 1350 3178 55

177 3242 240 3304 555
270 3245 299 3307 p.
327 3228 398 3302 157,
418 3228 459 3288 23
484 3246 553 3307 sqq.
587 3246 605 3287 5
639 3223 781 3287 Charisio
815 3230 922 3287 actum
954 3231 1008 3287 est.
1061 3223 1139 3286 Inde
1172 3244 1191 3285 a
1222 3225 1350 3304 5561,
1441 3308 1444 3313 Ι

178 3332 349 3413 19-565,
369 3335 409 3394 41
442 3333 581 3414 5551555
612 3331 786 3394 uerborum
820 3333 1062 3414 coniugatioues
1091 3347 1266 3411 eorumque
1295 3326 1350 3390 ob-

172 3440 371 3501 55555515555
395 3446 609 3522 exponuntur.
651 3438 829 3521 Excerptor
851 3440 879 3500 is
905 3438 1033 3520 quidem
1059 3438 1121 3499 alia
1149 3443 1245 3519 atque
1270 3433 1348 3496 Cha-

172 3545 270 3608 risius
292 3548 418 3628 recepit.
462 3547 614 3608 Attamen
638 3545 867 3608 aPalaemone
891 3565 927 3608 ea
950 3545 1090 3627 profecta
1114 3563 1183 3607 esse
1208 3563 1225 3605 5
1249 3542 1348 3607 51555-

172 3808 269 3864 lacuna
296 3811 366 3864 faeta
394 3813 435 3864 est
463 3812 490 3863 et
518 3811 588 3878 5555
616 3810 771 3878 Diomedes,
804 3810 851 3878 qui
879 3810 1010 3863 nonnulla
1037 3811 1071 3862 ad
1099 3810 1211 3862 uerbum
1239 3810 1349 3876 recepit,

173 3914 198 3966 p.
218 3904 279 3967 318,
296 3904 327 3952 14
351 3899 482 3953 Scaurum
501 3899 592 3951 intuht
611 3900 824 3968 grammaticum.
861 3898 1004 3952 Praeterea
1027 3917 1051 3966 p.
1074 3904 1133 3966 534,
1148 3904 1181 3952 34
1203 3893 1350 3951 tStudente

173 3985 316 4040 Sacerdote
335 3989 488 4042 differentia
505 3989 619 4041 inuenta
637 3981 690 4041 est'
711 3989 864 4056 exemplum
883 3988 1055 4041 interiectum
1074 3991 1130 4052 est,
1154 3988 1226 4054 quod
1244 3990 1351 4054 praeter

173 4075 324 4129 Charisium
343 4077 489 4130 Dositheus
508 4095 533 4145 p.
554 4081 662 4145 393,12
682 4081 710 4129 55
728 4078 872 4131 Diomedes
891 4095 916 4144 p.
936 4081 1026 4142 318,7
1047 4079 1214 4144 acceperuut.
1248 4075 1349 4127 Verum

172 4163 239 4217 haee
258 4169 401 4234 praecepta
418 4166 576 4220 Palaemoni
600 4166 691 4219 deberi
714 4166 774 4233 1555
796 4166 878 4218 uerba
898 4166 1022 4218 clamant.
1060 4165 1251 4218 Adnotandum
1272 4164 1349 4216 5155-

172 4257 225 4321 tur,
247 4256 318 4322 quod
337 4254 372 4308 M.
392 4254 497 4308 Plotius
517 4254 652 4322 Sacerdos,
673 4254 720 4323 qui
739 4254 778 4306 VI
797 4271 822 4321 p.
841 4258 1030 4319 447,13-28
1050 4255 1082 4307 55
1102 4254 1194 4306 eadem
1213 4269 1242 4304 ro
1260 4252 1348 4315 refert,

173 4343 304 4397 nonnulla
329 4345 452 4412 exempla
474 4344 538 4396 licet
557 4344 682 4397 breuiora
704 4344 823 4412 praebet.
861 4343 927 4395 Eius
946 4347 1038 4395 autem
1056 4341 1177 4396 doctrina
1196 4341 1229 4394 ab
1248 4341 1298 4393 hac
1318 4357 1349 4392 eo

172 4431 270 4500 differt,
288 4434 359 4500 quod
378 4436 511 4502 quattuor,
532 4433 579 4501 qui
599 4434 671 4502 apud
689 4435 873 4501 excerptorem
892 4431 1070 4484 inueniuntur
1089 4431 1161 4485 modi
1179 4428 1349 4482 aSacerdotc

171 4521 201 4573 in
220 4524 280 4575 oete
300 4523 397 4591 digesti
416 4526 488 4576 sunt.
979 4529 982 4535 ’
