3052 4958
683 500 905 562 -33-

204 733 245 800 V.
287 732 339 797 lle
365 732 444 798 arte
468 729 698 799 Palaemonis
723 728 974 813 grammatica,
999 747 1070 814 quo
1093 730 1257 813 tempore
1281 729 1379 796 edita

452 837 512 920 sit,
537 840 625 925 quot
648 837 755 903 libris
779 835 980 920 composita
1002 835 1128 903 fuerit.

291 1000 360 1062 Iam
392 1019 469 1063 uero
503 1001 656 1083 quoniam
688 999 865 1062 doctrinam
897 998 1098 1062 Palaemonis
1130 993 1377 1081 grammaticam,

202 1127 282 1192 quae
306 1107 391 1191 apud
415 1106 605 1189 Charisinm,
629 1112 860 1190 excerptorem,
883 1104 1084 1187 Dositheum,
1108 1105 1296 1187 Romanum,
1321 1103 1379 1167 Oo-

204 1217 379 1278 minianum
401 1216 574 1296 inuenitur,
606 1221 761 1298 quantum
788 1213 859 1276 fieri
887 1214 1007 1296 potuit,
1035 1215 1185 1295 eruimus,
1208 1213 1302 1276 liceat
1324 1212 1378 1275 ad-

201 1324 282 1387 ferre
316 1341 397 1404 quae
429 1321 468 1384 de
501 1326 651 1405 tempore,
686 1341 749 1403 quo
783 1321 867 1384 edita
899 1321 940 1383 sit
972 1340 1023 1384 ars
1055 1341 1074 1382 a
1104 1320 1307 1402 Palaemone,
1340 1320 1379 1383 de

202 1431 356 1493 librorum
377 1448 509 1511 numero
534 1428 668 1493 dicenda
690 1429 848 1491 uidentur.
1446 1422 1449 1430 ’

289 1539 397 1619 Atque
419 1540 569 1619 prouecta
595 1538 660 1611 iam
685 1540 786 1598 aetate
809 1555 828 1597 a
852 1535 1043 1598 Palaemone
1067 1536 1215 1598 emissam
1238 1555 1307 1599 esse
1330 1555 1379 1598 ar·

201 1651 265 1708 tem
297 1645 350 1707 uel
382 1644 457 1707 inde
486 1644 665 1725 conieceris,
699 1642 784 1725 quod
811 1643 1037 1726 grammaticus
1062 1641 1093 1705 O.
1120 1642 1218 1704 Plinii
1241 1641 1379 1706 Secundi

170 1742 304 1815 “dubii
327 1744 495 1816 sermonis'
527 1751 626 1814 libros
660 1749 688 1835 (I
710 1772 739 1834 p.
765 1754 815 1832 77,
836 1751 892 1829 203
919 1752 969 1831 79,
989 1748 1022 1833 2)
1053 1755 1084 1812 et
1111 1751 1180 1812 eius
1204 1749 1380 1812 doctrinam

203 1860 281 1922 alias
312 1859 352 1943 (p.
379 1864 429 1940 rr,
450 1862 484 1940 e,
512 1862 562 1941 aa,
583 1862 617 1939 93
644 1860 771 1940 88,16;
800 1858 950 1939 105,ao;
976 1840 1056 1936 aaa
1076 1859 1128 1938 ao,
1148 1858 1202 1936 31)
1226 1857 1378 1920 laudauit.

202 1966 266 2030 Eos
299 1972 404 2030 autem
437 1967 535 2030 libros
566 1966 708 2031 Plinium
740 1985 825 2028 anno
859 1966 985 2027 circiter
1017 1964 1213 2046 sexagesimo
1246 1965 1378 2047 septimo

203 2075 368 2157 euulgasse
399 2096 430 2138 u.
462 2074 490 2137 d.
524 2073 768 2139 Schottmueller
799 2073 819 2136 l.
843 2073 862 2134 l.
886 2074 955 2155 po
986 2071 1079 2134 nobis
1106 2073 1269 2155 persuasit.
1317 2069 1380 2134 Sed

202 2201 241 2245 ne
264 2182 324 2244 hoc
354 2183 482 2264 quidem
512 2187 635 2265 tempus
661 2181 703 2244 ad
730 2181 901 2244 editionem
923 2178 1129 2242 Remmianae
1153 2180 1228 2242 artis
1252 2181 1378 2261 spectat.

202 2288 292 2350 ldem
319 2289 404 2350 enim
432 2288 556 2350 Plinius
591 2290 624 2349 in
654 2288 848 2371 praefatione
878 2279 1049 2349 ‘naturalis
1077 2279 1243 2349 historiae’
1276 2285 1377 2366 §28:

200 2387 285 2478 ‘Ego
309 2393 403 2477 plane
426 2388 529 2474 meis',
559 2395 678 2476 inquit,
704 2386 806 2457 ‘adici
827 2413 919 2477 posse
942 2393 1044 2456 multa
1067 2392 1226 2474 confiteor,
1248 2412 1307 2456 nec
1330 2393 1380 2456 his

202 2501 286 2582 solis,
315 2500 371 2564 sed
394 2505 425 2564 et
448 2501 603 2582 omnibnS,
633 2519 715 2584 quae
743 2501 842 2581 edidi,
874 2505 911 2563 ut
939 2500 1041 2563 obiter
1069 2519 1199 2563 caueam
1224 2501 1301 2564 istos
1323 2502 1380 2564 ho-

202 2610 439 2691 meromastigas
464 2607 521 2693 (ita
544 2609 628 2672 enim
651 2609 760 2671 uerius
784 2607 942 2689 dixerim),
967 2609 1119 2691 quoniam
1142 2608 1236 2672 audio
1261 2613 1292 2671 et
1310 2608 1380 2672 Sto·

201 2719 268 2780 icos
283 2722 314 2780 et
330 2717 512 2779 dialecticos
527 2715 701 2799 Epicureos
721 2734 849 2798 quoque
860 2754 901 2760 —
917 2736 993 2778 nam
1012 2717 1051 2779 de
1066 2717 1279 2800 grammaticis
1299 2735 1379 2780 sem-

201 2845 258 2909 per
277 2825 445 2908 expectaui
460 2861 502 2870 -
517 2823 674 2907 parturire
692 2823 846 2887 adrrersus
866 2823 997 2906 libellos,
1018 2844 1097 2906 quos
1117 2824 1156 2887 de
1174 2825 1380 2908 grammatica

203 2933 287 2995 edidi
308 2937 338 2994 et
362 2931 499 2994 subinde
523 2929 653 2994 abortus
676 2930 780 2994 facere
803 2931 868 2994 iam
892 2931 1001 2994 decem
1025 2933 1125 3014 annis,
1150 2951 1223 2994 cum
1247 2931 1380 2994 celerius

203 3041 297 3101 ctiam
322 3039 481 3121 elephanti
504 3030 653 3120 pariant'.
693 3036 796 3112 Qriam
819 3038 1044 3120 praefationem
1068 3057 1151 3101 anno
1171 3038 1237 3101 fere
1255 3043 1380 3121 septua-

201 3148 322 3229 gesimo
345 3147 478 3229 septimo
502 3145 652 3227 scriptam
675 3162 742 3207 esse
766 3165 784 3206 a
807 3142 914 3206 Plinio
941 3145 1025 3206 idem
1050 3142 1294 3207 Schottmueller
1316 3145 1335 3207 l.
1359 3145 1378 3207 l.

202 3253 391 3317 enucleauit.
437 3250 465 3314 Ε
488 3251 596 3315 uerbis
620 3256 725 3315 autem
748 3251 845 3314 Plinii
874 3251 953 3314 illis:
985 3242 1077 3313 ‘nam
1100 3251 1139 3313 de
1166 3252 1380 3334 grammaticis

202 3380 327 3444 semper
354 3360 522 3443 expectaui
548 3359 706 3442 parturire
734 3377 759 3422 e.
785 3380 812 3441 q.
837 3352 873 3421 s.'
904 3358 1024 3441 absque
1054 3357 1150 3421 dubio
1175 3359 1320 3440 sequitur
1343 3377 1379 3422 eo

203 3474 342 3551 tempore
365 3467 568 3531 Palaemonis
600 3471 699 3535 artem
726 3467 872 3530 nondum
900 3466 1017 3529 editam
1042 3465 1147 3528 fuisse.
1193 3464 1278 3529 Nam
1302 3467 1380 3550 quid

202 3574 345 3638 Plinium
376 3576 421 3638 ita
454 3574 573 3637 dixisse
605 3579 761 3657 putemus,
794 3575 821 3638 si
849 3573 1038 3637 Remmiana
1070 3592 1120 3636 ars
1149 3573 1184 3635 in
1216 3573 1381 3657 publicum

202 3684 267 3745 iam
291 3683 437 3746 exiisset!
474 3681 609 3746 Accedit
638 3700 760 3744 nouum
788 3685 1021 3764 argumentum,
1053 3699 1070 3744 e
1104 3701 1167 3764 quo
1196 3686 1296 3745 artem
1319 3681 1380 3744 Pa·

202 3790 356 3853 laemonis
387 3809 456 3854 sero
486 3790 569 3853 foras
599 3789 705 3853 datam
736 3805 804 3851 esse
832 3787 942 3851 elucet.
989 3787 1163 3852 Palaemon
1186 3791 1272 3852 enim
1295 3790 1379 3873 apud

205 3896 383 3960 Oliarisium
419 3919 448 3981 p.
481 3899 538 3978 93,
565 3899 605 3959 31
645 3896 783 3959 thermas
815 3894 955 3960 litianas
986 3897 1021 3958 in
1055 3897 1236 3980 exemplum
1267 3901 1378 3959 uocat:

201 3997 302 4068 ‘item
326 4023 400 4066 cum
423 4005 487 4066 sint
509 3997 622 4082 Titus²,
652 4005 772 4086 inquit,
802 3996 846 4068 ‘et
867 4004 963 4087 lupus
986 4004 1116 4086 similia,
1144 4004 1281 4068 thermas
1304 4003 1379 4067 Titi-

203 4132 269 4194 nas,
303 4117 340 4174 ut
370 4110 469 4193 pelles
501 4111 628 4195 lupinae
656 4129 720 4173 non
754 4111 898 4193 dicimus,
931 4110 987 4175 sed
1017 4104 1175 4175 Titianas’.
1228 4111 1380 4176 Thermae

203 4238 280 4282 uero
308 4220 388 4282 istae
417 4237 436 4280 a
465 4217 534 4281 Tito
563 4219 761 4303 imperatore,
790 4220 946 4300 quantum
973 4218 1168 4299 inuestigare
1190 4220 1294 4301 potui,
1324 4237 1379 4282 ex-

203 4331 342 4389 structae
365 4330 447 4390 sunt.
495 4323 618 4399 Quibus
643 4326 839 4410 argumentis
863 4325 1019 4389 adductus
1039 4325 1198 4408 equidem,
1220 4345 1294 4389 cum
1313 4344 1379 4390 cer·

203 4437 273 4496 tum
306 4438 430 4518 tempus
463 4434 629 4499 terminari
659 4454 726 4497 non
756 4433 864 4516 liceat,
898 4437 997 4496 artem
1028 4433 1268 4516 grammaticam
1297 4435 1380 4497 intra

203 4560 325 4604 annum
349 4541 617 4624 septuagesimum
645 4542 818 4625 septimum
842 4544 873 4605 et
901 4539 1129 4624 octogesimum
1154 4541 1304 4624 quintum
1326 4540 1379 4605 uel

1182 4645 1220 4698 Q*
