3052 4958
654 490 874 552 ..65-

171 673 334 754 permotus
353 687 434 748 sum,
457 671 494 730 ut
511 671 615 730 totum
634 670 729 749 caput
752 685 792 728 ex
815 684 881 728 uno
899 666 985 728 t'onte
1004 664 1139 727 fluxisse
1158 666 1348 738 existimem,

172 779 250 840 haec
274 781 328 838 est.
370 774 440 836 Iam
464 774 502 836 ab
522 775 614 836 initio
639 775 751 858 capitis
771 775 816 837 sic
836 773 1031 856 disponitur:
1055 765 1180 834 ‘Verbo
1199 771 1351 834 accidunt

174 883 313 967 qualitas
335 901 438 971 genus
462 880 566 964 figura
588 899 742 943 numerus
760 881 876 942 modus
899 885 1024 962 tempus
1042 898 1178 962 persona
1201 878 1350 958 coniuga-

174 983 242 1055 tio'.
291 987 380 1064 Quae
399 989 562 1070 dispositio
585 1006 643 1071 per
665 992 769 1049 totum
793 992 889 1070 caput
910 993 1044 1051 tenetur.
1083 984 1241 1068 Deinceps
1265 984 1351 1046 enim

173 1088 377 1161 ‘accidentia'
401 1094 574 1156 uerborum
597 1095 660 1157 ista
684 1093 883 1156 definiuntur
907 1098 938 1155 et
962 1094 1171 1175 explicantur.
1219 1090 1282 1153 Sed
1305 1091 1352 1153 eis

175 1202 332 1289 partibus,
371 1220 454 1283 quae
491 1201 632 1263 maxime
669 1199 840 1282 ambiguae
876 1201 1042 1280 uidentur,
1080 1200 1186 1261 statim
1218 1199 1353 1260 aliorum

178 1309 459 1394 grammaticorum
482 1309 661 1370 sententiae
680 1307 879 1370 adseruntur.
911 1327 940 1388 p.
962 1308 1035 1386 164,
1045 1308 1087 1368 22
1108 1305 1223 1368 deinde
1243 1309 1354 1367 auctor

181 1416 291 1499 capitis
310 1434 403 1478 suam
420 1415 522 1496 ipsius
542 1414 581 1476 de
600 1412 773 1496 generibus
793 1415 982 1476 sententiam
1000 1413 1131 1497 profert:
1156 1405 1354 1474 ‘Verborum
1381 1422 1383 1427 ’

179 1515 321 1606 genera,
354 1522 475 1604 inquit,
507 1513 601 1583 ‘sunt
633 1523 792 1603 quinque:
832 1521 976 1583 actiuum
1008 1522 1173 1602 passiuum
1204 1522 1354 1580 neutrum

178 1647 350 1692 commune
370 1621 556 1710 deponens'.
587 1627 670 1690 Aliis
686 1627 825 1709 quidem,
845 1628 897 1708 ait,
918 1631 1069 1709 quattuor
1088 1627 1141 1688 uel
1161 1627 1221 1687 tria
1237 1643 1355 1707 genera

177 1737 256 1819 0001
270 1735 437 1818 placuisse.
480 1734 589 1817 Atque
613 1735 841 1816 grammaticus
864 1739 1042 1816 postquam,
1067 1754 1131 1815 qua
1153 1734 1277 1795 ratione
1300 1732 1355 1794 alii

180 1848 331 1924 quattuor
349 1846 380 1904 et
398 1843 459 1903 tria
479 1860 596 1923 genera
614 1840 784 1922 traderent,
804 1841 987 1924 0001100011,
1012 1862 1040 1923 p.
1059 1841 1183 1921 168,19
1203 1839 1244 1900 ad
1264 1858 1355 1901 suam

180 1950 378 2032 superiorem
392 1948 582 2011 sententiam
597 1946 707 2009 eadem
717 1948 872 2029 01010010,
897 1965 978 2029 quae
993 1967 1088 2030 supra
1103 1946 1249 2009 adferens
1265 1945 1356 2008 redit.

180 2055 350 2119 Praeterea
373 2055 469 2116 dictio
497 2073 555 2135 per
581 2055 684 2116 totum
713 2059 809 2136 caput
836 2053 947 2116 eadem
974 2060 1029 2117 est.
1078 2052 1164 2136 Ergo
1193 2054 1357 2136 dispositio

181 2163 292 2246 capitis
312 2168 359 2225 001
379 2164 505 2245 optima.
554 2159 646 2236 Quod
671 2163 823 2242 quoniam
847 2161 1087 2244 comprobatum
1113 2166 1159 2223 est
1182 2161 1241 2222 hoc
1265 2163 1359 2241 caput

182 2289 225 2332 ex
243 2289 309 2333 000
327 2269 408 2332 libro
432 2273 594 2351 sumptum
619 2287 695 2349 0000,
720 2288 808 2330 0000
833 2269 975 2350 quaestio
1002 2275 1061 2348 001,
1085 2267 1172 2329 unde
1197 2266 1359 2328 Charisius

185 2375 362 2437 doctrinam
394 2377 557 2457 receperit.
613 2375 737 2437 Auctor
767 2379 873 2437 autem
901 2394 930 2456 p.
955 2376 1029 2455 249,
1047 2379 1141 2436 1-4
1172 2380 1203 2435 01
1230 2395 1259 2454 p.
1284 2376 1359 2453 254,

188 2484 273 2544 1-2
298 2480 550 2564 deprehenditur.
595 2481 645 2544 lbi
669 2484 765 2562 enim,
790 2482 875 2563 quod
898 2483 963 2543 iam
985 2500 1083 2562 00010
1105 2501 1135 2563 p.
1155 2482 1197 2542 ‘26
1221 2499 1268 2561 sq.
1292 2498 1360 2542 rne-

185 2589 322 2670 1000001,
351 2588 527 2650 Palaemon
554 2589 589 2650 10
618 2591 663 2651 010
693 2589 870 2671 particulis,
899 2607 979 2670 quas
1004 2585 1247 2649 Schottmueller
1275 2592 1359 2650 00110

186 2700 373 2778 argumento
402 2697 431 2757 ei
459 2696 585 2776 10110011,
613 2696 673 2757 hoc
701 2701 798 2779 caput
828 2699 865 2757 ut
893 2713 988 2755 suurn
1017 2692 1161 2774 designat
1188 2694 1361 2776 respiciens

184 2801 225 2864 ad
248 2800 426 2865 doctrinam
450 2822 540 2865 suam
564 2824 591 2885 0.
614 2805 686 2884 166,
697 2805 828 2867 23-25
854 2806 884 2864 et
906 2821 935 2883 p.
957 2801 1029 2880 166,
1055 2801 1184 2862 16-22
1205 2801 1360 2863 traditam.

185 2907 317 2971 Constat
349 2914 456 2971 autem
489 2909 714 2973 Palaemonem
746 2912 782 2971 in
814 2909 923 2989 rebus,
964 2925 1047 2989 quae
1078 2907 1113 2968 10
1146 2909 1361 2969 controuersia

185 3019 371 3091 mersantur,
408 3016 545 3078 aliorum
582 3017 823 3100 diligentissime
859 3016 1017 3077 rationem
1048 3013 1205 3077 habuisse.
1263 3014 1362 3076 Porro

187 3119 316 3183 dicendi
334 3141 438 3200 genus
461 3124 570 3204 111001,
596 3123 682 3205 quod
706 3142 802 3204 supra
820 3121 1034 3203 patefecimus.
1077 3119 1229 3183 Notiones
1249 3121 1363 3183 deinde

189 3225 282 3288 uerbi
299 3228 446 3310 singulae
469 3231 586 3311 pariter
610 3236 705 3311 atque
730 3229 867 3290 nominis
891 3233 922 3289 01
944 3228 1142 3309 pronominis
1162 3228 1363 3308 superiorum
1455 3218 1459 3225 ’

190 3324 328 3415 capitum
346 3334 546 3398 definiuntur
570 3343 601 3399 et
624 3334 938 3398 circumscribuntur.
985 3334 1094 3415 Atque
1112 3335 1364 3416 grammaticum,

188 3438 246 3500 ubi
278 3439 415 3502 aliorum
453 3445 627 3506 sententias
664 3442 795 3524 profert,
837 3442 933 3503 etiam
971 3441 1041 3502 aliis
1075 3439 1364 3522 significationibus

189 3565 285 3609 usum
309 3566 378 3610 esse
403 3566 495 3610 nemo
520 3550 661 3612 miretur.
709 3549 814 3623 Quare
838 3546 1095 3610 Schottrnuelleri
1117 3547 1274 3609 sententia
1302 3567 1366 3629 qua

187 3672 217 3735 p.
241 3655 280 3715 15
301 3673 347 3734 00,
372 3674 453 3736 quae
476 3677 505 3736 p.
532 3656 926 3737 104,13-061ος0000,
951 3675 969 3716 a
992 3653 1180 3716 Cominiano
1205 3658 1274 3716 0110
1297 3672 1366 3716 0000

190 3760 324 3840 0000011,
347 3760 457 3865 ualida
480 3767 620 3824 nonest.
669 3762 753 3824 Nam
778 3765 833 3844 qui
853 3764 979 3845 possint
998 3761 1037 3824 ab
1059 3763 1121 3824 alio
1143 3781 1204 3843 quo
1228 3762 1368 3843 protecta

189 3865 304 3947 uideri,
329 3885 411 3947 quae
435 3887 492 3949 per
515 3874 618 3931 toturn
637 3875 733 3952 caput
751 3874 971 3932 sustententur
990 3871 1070 3930 0110
1091 3868 1155 3930 fine
1174 3873 1367 3949 repetantur.

283 3969 372 4046 Quae
396 3980 577 4055 sequuntur
597 3975 660 4039 duo
685 3978 787 4058 capita
808 3969 998 4038 ‘uerborum
1023 3968 1166 4037 ordines'
1191 3991 1368 4055 eorumque

192 4079 423 4142 declinationes
447 4083 619 4144 continent.
668 4081 756 4155 Quae
781 4084 922 4144 inanima
947 4101 988 4144 ex
1012 4087 1100 4163 00110
1124 4080 1369 4142 Soliottnrueller

189 4176 308 4248 ‘uelut'
333 4187 558 4250 coniunctione
581 4190 752 4271 praecipue
771 4191 871 4250 nixus
890 4187 1074 4251 Palaemoni
1098 4186 1288 4264 uindicauit3
1315 4188 1369 4249 cui

192 4291 364 4356 adsentior.
410 4294 520 4376 Atque
548 4294 641 4377 plura
665 4295 789 4358 adferre
818 4300 1006 4377 argumenta
1034 4312 1113 4375 0000
1137 4294 1201 4356 t'ore
1225 4312 1288 4355 000
1313 4298 1369 4373 001,

191 4400 379 4481 praesertim
404 4402 564 4462 00010101
589 4400 686 4482 docti,
718 4401 803 4483 quod
832 4402 985 4482 uiderim,
1013 4401 1073 4462 hac
1100 4400 1370 4462 1011110000000-

193 4505 266 4567 rint.
314 4504 418 4581 Quare
447 4506 485 4568 ad
512 4507 811 4570 Schottmuellerum
840 4508 874 4569 in
899 4509 958 4589 010,
988 4525 1071 4590 quae
1098 4513 1227 4589 0000101
1248 4498 1371 4568 ‘uelut'

1195 4631 1211 4664 (l
