3052 4958
593 1009 914 1091 CONSPECTUS.

202 1459 226 1523 I.
262 1459 349 1535 Quae
377 1459 461 1544 apud
492 1458 671 1522 Charisium
702 1459 846 1541 aliosque
874 1459 932 1522 sub
964 1457 1167 1522 Palaemonis
1196 1478 1253 1520 no·
1280 1400 1344 1453 pag.

258 1569 344 1631 mine
376 1571 503 1630 exstant
525 1568 746 1650 grammatica,
779 1585 815 1628 ea
836 1585 902 1628 non
924 1566 1124 1630 Palaemonis
1148 1567 1253 1629 cuius-

258 1675 343 1756 dam,
372 1676 428 1757 qui
458 1679 567 1757 quarto
596 1674 662 1737 fere
689 1694 717 1756 p.
747 1672 816 1736 Cha.
847 1673 972 1737 saeculo
1001 1673 1105 1756 fuerit,
1134 1673 1189 1736 sed
1217 1672 1252 1749 Q.

242 1780 396 1844 “Remmii
420 1781 619 1843 Palaemonis
643 1799 711 1843 esse
734 1781 930 1862 argumentis
955 1780 1160 1844 confirmatur
1195 1831 1201 1844 .
1239 1829 1245 1842 .
1300 1781 1344 1842 20

185 1885 226 1950 Π.
259 1885 308 1950 De
337 1889 369 1962 Q.
398 1887 536 1951 Remmii
565 1886 766 1951 Palaemonis
795 1887 940 1950 doctrina
969 1888 1051 1971 apud
1076 1886 1254 1951 charisium

259 1998 403 2058 exstante
437 2043 1245 2059 ...................
1302 1998 1343 2058 76

302 2102 341 2164 Α.
379 2100 428 2166 De
451 2102 531 2164 libro
556 2100 692 2165 Charisii
715 2105 817 2185 primo
839 2150 1246 2165 ..........
1301 2104 1344 2166 62

303 2209 340 2274 Β.
395 2260 412 2291 „
486 2259 501 2291 „
615 2260 631 2291 „
718 2210 856 2274 seeundo
883 2258 1245 2273 .........
1302 2213 1344 2273 74

309 2315 339 2379 Ο.
394 2367 410 2399 „
483 2367 499 2398 „
613 2367 629 2398 „
715 2319 808 2380 tertio
838 2365 1245 2380 ..........
1302 2319 1344 2378 74

302 2422 340 2488 D.
395 2473 411 2505 „
485 2473 501 2504 „
614 2472 630 2504 ,‚
717 2429 828 2505 quarto
883 2473 1246 2487 .........
1303 2426 1343 2485 75

302 2530 338 2592 E.
392 2580 407 2611 a

611 2580 627 2611 „
715 2531 825 2612 quinto
883 2581 1246 2595 .........
1302 2532 1343 2592 76

170 2636 229 2702 ΙΙΙ.
259 2635 308 2700 De
333 2635 366 2711 Q.
386 2635 523 2698 Remmii
548 2636 749 2699 Palaemonis
773 2636 925 2719 doctrina,
950 2658 1030 2720 quae
1055 2638 1139 2723 apud
1162 2637 1256 2702 Dosi-

260 2743 370 2806 theum
392 2744 575 2807 inueniatur
616 2793 1246 2810 ...............
1302 2745 1344 2808 78

170 2849 226 2913 IV.
261 2848 308 2914 De
337 2848 371 2926 Q.
400 2850 540 2914 Remmii
568 2849 769 2914 Palaemonis
802 2851 946 2914 doctrina
976 2853 1059 2936 apud
1090 2857 1284 2937 excerpto-¹

259 2977 337 3039 rem,
362 2959 418 3042 qui
440 2965 573 3022 uocatur
596 2957 791 3021 Bobiensem
815 2963 959 3023 exstante
974 3009 1247 3024 .......
1303 2961 1345 3023 82

189 3064 227 3129 V.
260 3064 309 3129 De
337 3071 402 3130 arte
429 3067 631 3131 Palaemonis
664 3067 883 3149 grammatica,
913 3086 975 3149 quo
1004 3073 1142 3151 tempore
1171 3067 1256 3131 odila

260 3174 310 3255 sit,
335 3181 412 3256 quot
434 3174 524 3236 libris
549 3174 721 3256 composita
744 3172 840 3236 fuerit
886 3223 1248 3239 .........
1303 3175 1345 3237 85
