3052 4958
647 497 866 556 „41..

161 675 257 756 25,6;
270 676 424 756 28,7,17;
436 675 489 753 42,
501 675 553 749 31,
565 673 621 750 37,
638 673 758 753 4433,
775 674 873 752 45,2;
887 674 940 751 47,
953 673 992 735 13
1008 664 1342 734 tum‘declinationes’

160 782 251 844 dixit.
272 819 314 826 —
334 779 383 843 De
403 779 537 843 docendi
557 780 681 841 ratione
700 780 838 861 primurn
856 777 1061 841 memoranda
1080 783 1127 841 est
1146 776 1341 840 Graecorum

159 890 281 972 lingna,
306 906 390 971 quae
414 886 536 968 ubique
560 885 736 967 composita
760 891 807 947 est
830 905 904 947 ciani
926 885 1056 963 Latina,
1090 905 1108 946 a
1133 903 1268 967 quorum
1292 884 1343 946 di-'

161 996 254 1058 cendi
277 1015 341 1058 usu
364 994 510 1057 deriuata
534 996 582 1054 est
599 992 679 1053 ratio
699 991 814 1054 Latine
832 991 985 1074 loquendi
1008 1012 1036 1073 p.
1055 992 1109 1070 193
1131 993 1188 1070 243
1209 993 1266 1069 41;
1287 991 1339 1054 46.

162 1103 277 1166 Censet
304 1106 411 1165 autem
439 1098 667 1188 grammaticus
692 1098 814 1161 Graeca
840 1099 985 1179 nomina,
1016 1098 1043 1160 si
1071 1104 1219 1161 naturam
1243 1097 1340 1160 Grae·
1400 1124 1402 1127 ·
1499 1102 1501 1106 '

163 1230 234 1273 cam
258 1208 435 1288 obtineant,
462 1224 528 1267 non
551 1205 615 1267 nisi
640 1203 760 1268 Graeca
791 1205 937 1288 analogia
966 1204 1119 1267 declinari
1143 1204 1266 1285 debere,
1290 1206 1341 1267 sin

163 1322 269 1380 autem
291 1317 327 1376 in
348 1312 463 1377 Latina
485 1312 708 1389 reformentur,
732 1318 802 1375 tum
825 1313 921 1374 etiam
944 1310 984 1373 ad
1006 1309 1152 1374 Latinam
1176 1312 1342 1374 declinati-

162 1442 255 1486 onem
281 1421 464 1484 reuocanda
492 1439 568 1483 esse.
616 1418 738 1482 Graeca
769 1420 904 1482 nomina
935 1419 1029 1481 etiam
1060 1411 1258 1502 ‘peregrina'
1286 1437 1339 1500 ap-

160 1529 258 1612 pellat
284 1550 314 1613 p.
339 1529 391 1608 25,
407 1529 441 1604 83
476 1528 569 1608 siqua
601 1532 763 1609 praeterea
790 1527 922 1589 nomina
949 1532 1025 1589 sunt
1052 1545 1165 1610 parurn
1187 1524 1341 1600 Romana,
1447 1573 1450 1579 .

160 1628 327 1699 ‘barbara'
350 1654 379 1717 p.
400 1634 520 1715 25,19;
542 1635 663 1714 30,12;
684 1636 798 1713 38,14.
1289 1636 1291 1640 '

251 1743 426 1823 Scriptores
449 1759 569 1822 paucos
597 1745 693 1803 testes
718 1741 879 1803 excitauit.
926 1739 1010 1802 Nam
1034 1744 1065 1802 et
1087 1741 1122 1802 in
1145 1740 1232 1801 hisce
1256 1739 1341 1820 capi-

161 1849 248 1911 tibus
271 1849 335 1910 nisi
358 1848 398 1910 de
419 1849 543 1910 ratione
568 1847 696 1909 dicendi
722 1866 788 1909 non
811 1848 993 1931 expositum
1018 1851 1078 1926 est,
1106 1845 1138 1907 id
1163 1846 1249 1928 quod
1272 1847 1342 1928 ipse

161 1955 226 2019 fere
249 1955 368 2018 fatetur
396 1975 425 2037 p.
447 1955 570 2036 18,18:
600 1945 749 2015 ‘Ordines
772 1956 953 2035 nominum,
986 1955 1043 2036 qui
1067 1954 1194 2035 quidem
1217 1953 1341 2015 ratione

161 2069 192 2126 et
216 2060 438 2125 obseruatione
460 2061 711 2123 inueniuntur..
727 2053 752 2122 ‚³
776 2067 807 2123 et
828 2081 857 2144 p.
871 2063 990 2137 35,16:
1014 2053 1089 2123 ‘sed
1112 2066 1256 2122 auctores
1275 2079 1341 2121 non

160 2187 263 2251 usque
289 2187 419 2250 quaque
441 2169 519 2230 haec
543 2162 898 2231 obseruaue1·unt...'
946 2166 1051 2242 Quare
1075 2167 1341 2230 consuetudinem

163 2275 290 2338 dicendi
323 2276 393 2339 siue
426 2275 661 2355 auctoritatem,
695 2274 799 2356 qualis
832 2275 917 2357 apud
950 2276 1119 2357 scriptores
1147 2275 1341 2348 inueniatur,

162 2380 254 2443 uelut
288 2383 324 2442 in
360 2382 498 2444 transitu
531 2382 659 2464 stringit
697 2386 753 2444 aut
785 2383 813 2444 si
849 2388 973 2444 ueteres
999 2369 1024 2441 'a
1056 2383 1178 2443 ratione
1210 2399 1342 2462 prorsus

164 2486 387 2550 abhorruerint
410 2484 451 2572 (p.
472 2489 597 2567 22,17;
618 2489 743 2571 41,10)
773 2493 829 2550 aut
861 2489 888 2550 si
920 2505 1001 2569 quae
1029 2486 1268 2549 confirmatione
1291 2487 1340 2546 in-

167 2593 275 2676 digere
299 2593 471 2657 uideantur
495 2601 534 2677 (p.
555 2597 653 2676 22,1.3
675 2596 805 2674 33,10).
843 2592 870 2655 Ε
895 2594 1101 2675 sc1iptoribus
1125 2598 1241 2673 autem,
1265 2594 1342 2674 qnia

163 2700 217 2763 hio
240 2700 280 2762 de
307 2702 441 2784 singulis
469 2702 654 2765 nominibus
686 2703 829 2785 quaestio
858 2705 918 2782 est,
948 2701 1078 2783 plurimi
1110 2700 1204 2762 duxit
1226 2699 1342 2780 Vergi-
1411 2710 1414 2717 '

161 2805 256 2888 lium,
284 2806 319 2869 id
342 2807 429 2889 quod
451 2809 598 2891 undique
622 2814 721 2891 patet,
750 2809 865 2873 deinde
889 2807 1074 2872 Ciceronem
1098 2809 1207 2870 dicens
1234 2828 1263 2890 p.
1288 2808 1342 2887 33,

165 2915 219 2977 10:
242 2907 324 2978 ‘Sed
344 2913 454 2978 Cicero
475 2916 559 2978 dixit
575 2907 705 2978 ‘fascem
724 2936 828 2980 tanum
851 2919 879 2980 si
897 2922 1035 2979 nanctus
1055 2909 1155 2979 esses'
1178 2934 1235 2997 per
1254 2913 1341 2995 quod

161 3021 379 3105 intellegimus
400 3023 579 3085 masculino
602 3041 720 3105 genere
746 3024 808 3086 dici
832 3030 862 3086 et
881 3043 947 3085 non
967 3042 1035 3085 esse
1053 3027 1178 3084 tantum
1196 3015 1341 3105 plurale'.

163 3125 344 3211 Vergilium
374 3147 411 3191 eo
443 3139 585 3211 tempore
618 3129 702 3211 apud
734 3131 958 3212 grammaticos
985 3131 1125 3192 maxima
1153 3130 1342 3192 auctoritate

165 3236 294 3297 omnino
318 3235 417 3298 fuisse
442 3237 538 3298 etiam
560 3235 635 3298 inde
659 3237 858 3319 perspicitur,
888 3236 974 3318 quod
1003 3238 1047 3299 ait
1075 3257 1104 3319 p.
1128 3239 1231 3313 44,1;
1260 3229 1342 3297 ‘Sed

164 3340 203 3404 de
226 3342 385 3405 insomnio
410 3344 592 3425 quaesitum
616 3347 677 3423 est,
707 3345 860 3426 quoniam
885 3345 971 3428 apud
994 3343 1175 3426 Vergilium
1197 3362 1261 3406 non
1286 3361 1341 3425 ge·

162 3442 327 3511 minatur'.
362 3447 425 3524 Qui
443 3456 606 3532 praeterea
629 3456 801 3514 occurrunt
824 3452 1002 3534 scriptores,
1026 3451 1114 3515 eiad
1134 3449 1340 3513 sta-tuendum

162 3560 312 3618 ueterum
336 3556 463 3618 dicendi
487 3576 583 3618 usum
606 3555 703 3618 adlati
727 3563 818 3620 sunt:
851 3556 977 3621 Ennius
999 3578 1028 3640 p.
1051 3560 1101 3637 10,
1116 3558 1146 3638 2,
1170 3555 1341 3620 Sallustius

162 3683 191 3746 p.
221 3665 348 3744 22,18;
374 3665 476 3753 302,
501 3664 626 3745 42,12,
658 3662 824 3728 Terentius
852 3685 880 3747 p.
905 3667 1033 3742 2219,
1059 3667 1177 3746 37,17,
1205 3663 1342 3727 Plautus

162 3792 191 3854 p.
212 3772 332 3852 32,14;
354 3773 406 3852 37,
420 3771 469 3852 18,
489 3770 591 3832 Varro
615 3791 644 3854 p.
665 3771 780 3851 37,15.
826 3769 971 3846 Quorum
993 3770 1093 3834 uerba
1111 3771 1223 3834 laudat
1245 3771 1342 3833 libro-

162 3898 237 3941 rum
260 3877 354 3940 titulo
378 3882 435 3940 aut
457 3877 565 3940 addito
589 3883 644 3940 aut
668 3878 793 3941 omisso,

254 3984 299 4047 At
321 4003 387 4046 non
410 3985 474 4047 nisi
504 4003 663 4048 consensu
691 3986 884 4068 scriptorum
911 3986 1069 4048 rationem
1096 3985 1227 4069 infringi
1249 4003 1343 4067 posse

165 4097 289 4171 censet3
318 4091 375 4154 ubi
399 4111 486 4155 unus
510 4096 623 4155 auctor
646 4091 733 4155 solus
757 4092 884 4154 dicendi
906 4112 1051 4155 normam
1075 4092 1230 4175 neglexit,
1257 4091 1343 4154 refu-

163 4198 299 4262 tandum
321 4199 463 4282 putauit,
492 4199 615 4262 etiamsi
637 4197 801 4280 Vergilius
824 4200 872 4262 sit.
904 4220 932 4282 p.
953 4202 1005 4280 34,
1021 4201 1064 4262 29
1089 4199 1175 4261 θ111111
1195 4190 1343 4261 ‘uinum'

164 4325 289 4389 semper
311 4305 473 4388 singulare
497 4325 565 4369 esse
589 4305 745 4369 definiens
769 4305 873 4369 addit:
896 4299 1060 4389 ‘quamuis
1077 4304 1242 4387 Vergilius
1265 4306 1343 4366 uina

165 4407 312 4492 dixerit'3
349 4431 445 4495 quem
468 4412 603 4496 Vergilii
633 4413 761 4477 dicendi
788 4433 884 4477 usum
916 4414 1144 4496 grammaticus
1176 4411 1343 4494 improbat,

166 4520 252 4603 quod
273 4511 384 4583 ‘uina'
407 4520 574 4604 pluraliter
596 4520 637 4583 ad
662 4522 872 4604 quantitatem
895 4521 994 4585 relata
1017 4522 1090 4603 sint,
1113 4539 1179 4583 non
1203 4520 1244 4583 ad
1264 4539 1343 4602 qua-
