3052 4958
663 247 880 307 ..73-

180 422 365 485 decurtatus
389 428 443 486 est.
492 421 660 505 Ceteroqui
679 428 710 484 et
733 421 827 485 dictio
852 429 883 486 et
907 423 1041 486 docendi
1064 441 1166 505 genus
1189 421 1361 484 Palaemo-

180 546 254 590 nem
279 535 386 611 aperte
410 530 589 592 ostendunt.
635 529 757 591 Eadem
781 531 866 590 eninr
892 536 1035 611 tempora
1057 534 1089 593 et
1111 527 1260 610 exempla
1281 529 1360 590 reti-

179 640 306 716 nentur,
331 656 413 717 quae
436 656 454 698 a
479 635 634 715 Charisia,
660 636 768 699 confer
789 633 923 697 Charisii
947 637 1210 699 commentarium
1233 655 1262 717 p.
1283 637 1325 697 17
1331 637 1360 705 8.

180 742 348 809 36-18ιι,
368 745 410 804 28
435 748 614 806 exstantem
639 749 670 805 et
693 741 767 804 libri
790 740 823 803 II
848 749 943 825 caput
965 742 1055 806 VIII.

269 847 357 923 Quae
389 849 464 911 indo
497 870 515 911 a
547 871 575 932 p
601 852 675 931 408,
695 852 785 911 21-
799 851 878 929 424,
901 853 956 911 1ἵει
991 843 1054 912 De
1087 842 1259 926 aduerbio',
1289 840 1359 912 ‘De

177 951 431 1036 praeposrrom
458 950 523 1018 De
547 963 792 1037 coniunctene
819 950 958 1019 “tDe
910 949 1152 1035 interiectione',
1180 953 1358 1018 Dosithens

177 1062 328 1143 explicat,
353 1082 390 1125 aa
410 1082 482 1125 cum
503 1062 639 1125 Charisii
664 1064 919 1145 doctrinap
882 1065 1151 1143 181,17-242,
1174 1063 1214 1124 12
1238 1062 1359 1144 scripta¹

178 1169 431 1251 consentiunt1);
476 1170 584 1232 confer
616 1189 696 1252 quae
729 1189 826 1252 supra
854 1191 883 1253 p.
914 1172 955 1233 68
984 1189 1052 1252 sqq.
1083 1169 1122 1232 de
1152 1167 1358 1231 Palaemonis

176 1274 321 1337 doctrina
351 1279 494 1358 exposui.
541 1279 591 1338 Ao
620 1296 661 1339 ne
690 1277 750 1337 hoc
779 1275 908 1357 quidem
940 1275 1150 1339 dubitationis
1181 1275 1355 1358 quiequam

176 1381 299 1444 adferre
336 1389 451 1466 potest,
486 1383 572 1465 qnod
605 1382 777 1445 Dositheus
809 1401 1054 1464 nonnumquam
1088 1381 1181 1464 plura
1212 1382 1352 1465 tradidit,

177 1508 273 1569 quam
307 1488 485 1568 Charisius,
525 1509 607 1572 quae
640 1490 791 1572 quoniam
831 1488 916 1571 apud
949 1487 1138 1551 Diomedem
1176 1489 1288 1570 etiam,
1321 1498 1356 1551 ιιι

177 1593 301 1658 Keilius
334 1598 501 1677 indicauit,
534 1597 694 1679 leguntur,
728 1617 746 1658 a
775 1595 928 1658 Dositheo
961 1615 1024 1657 non
1057 1599 1192 1678 possunt
1219 1596 1356 1659 inuenta

176 1720 251 1764 esse.
300 1701 477 1785 Scriptores
506 1722 582 1764 nero
613 1705 648 1764 in
679 1704 725 1765 eis
752 1703 831 1784 ipsis
860 1701 1004 1784 partibus
1036 1701 1186 1784 appellati
1214 1706 1294 1765 sunt
1317 1704 1357 1783 ei,

177 1826 257 1888 quos
284 1806 457 1871 Palaemon
489 1810 645 1891 praeferre
674 1810 786 1871 solitus
815 1815 874 1886 est3
910 1809 1088 1871 disserendi
1114 1826 1218 1890 genus
1240 1807 1357 1873 Palae·

174 1915 279 1975 monis
303 1921 357 1979 est.
404 1917 453 1978 Aa
478 1917 517 1979 de
539 1913 683 1978 Dosithei
708 1934 744 1976 ea
768 1915 898 1997 quidem
923 1921 989 1977 arte
1012 1915 1174 1977 haetenus.

174 2321 234 2388 IV.
259 2323 310 2388 Ile
322 2323 359 2412 Q.
370 2323 528 2390 Remmii
538 2325 766 2391 Palaemonis
787 2324 954 2390 doctrina
967 2323 1065 2408 apud
1080 2324 1352 2409 excerptorem,
1408 2322 1412 2327 ’

423 2433 488 2515 qui
510 2436 665 2499 uocatur
687 2431 904 2498 Bobienscm
929 2431 1109 2496 exstante.

268 2572 376 2653 Atque
419 2580 638 2656 excerptorem
679 2573 885 2652 Bobiensem,
933 2575 1025 2636 onius
1064 2578 1233 2656 praecepta
1267 2572 1285 2636 I
1320 2594 1353 2658 p.

174 2680 350 2741 533-565
374 2681 595 2762 inueniuntur,
620 2679 753 2742 Charisii
775 2679 874 2742 libros
897 2681 1103 2763 exscripsisse
1125 2700 1155 2742 u.
1175 2678 1204 2741 d.
1224 2678 1353 2743 Keilins

175 2785 251 2847 olim
274 2786 480 2849 existimauit.
529 2784 591 2849 seu
616 2788 768 2870 quoniam
797 2792 963 2870 excerptor
987 2787 1162 2870 pleniorem
1187 2804 1353 2849 nonnum-

175 2913 272 2974 quam
306 2893 481 2956 doctrinam
516 2914 557 2956 ex
591 2895 700 2956 eodem
732 2894 831 2975 fonte,
864 2900 901 2957 ut
933 2913 1030 2976 supra
1063 2892 1170 2973 dacin,
1202 2893 1351 2956 haustam

174 2999 316 3080 exhibet,
344 2998 441 3062 Keilii
470 3002 627 3062 sententia
650 3006 734 3063 stare
757 3020 821 3062 non
845 3006 955 3084 potest.
1002 3001 1111 3082 Atque
1134 2999 1258 3063 Keilius
1281 3002 1352 3084 ipso

172 3108 206 3167 in
236 3106 430 3188 praelatione
459 3107 499 3167 ad
524 3105 711 3170 Dosithenm
741 3107 815 3170 data
841 3108 902 3170 hoc
929 3107 1090 3191 professus
1118 3114 1174 3169 est.
1221 3105 1285 3197 Sed
1308 3127 1352 3172 ne

173 3211 302 3275 Christii
326 3232 363 3274 ea
388 3213 517 3295 quidem
541 3214 648 3294 opinio
673 3212 798 3296 (Philol.
826 3216 875 3295 18,
898 3235 927 3296 p.
955 3217 1016 3278 136
1037 3215 1127 3296 sqq),
1156 3234 1221 3296 qua
1245 3212 1351 3276 Comi-

171 3321 304 3381 nianum
329 3322 510 3401 excerptori
534 3319 693 3381 scribendi
716 3322 883 3383 materiam
906 3321 1091 3404 praebuisse
1115 3321 1248 3398 censuit,
1270 3340 1352 3384 sana

172 3429 300 3488 ommno
326 3432 380 3487 est.
427 3423 556 3486 Etenim
581 3446 677 3508 qumn
701 3433 868 3510 excerptor
892 3430 1064 3511 congessit,
1089 3428 1232 3490 doctrina
1253 3427 1351 3511 plane

171 3533 255 3615 apud
280 3532 459 3594 Charisium
486 3533 519 3594 in
546 3532 800 3596 Palaemonianis
824 3537 1058 3598 commentariis
1082 3535 1257 3617 eodemque
1281 3535 1350 3618 ple-

170 3659 308 3722 rumque
338 3639 448 3701 ordine
481 3642 646 3722 reperitur.
694 3638 783 3714 Quae
815 3641 869 3703 ubi
899 3646 1018 3724 prostat
1046 3641 1129 3725 apud
1159 3640 1349 3724 Charisium,

172 3766 261 3808 nuno
284 3749 317 3808 in
308 3747 500 3809 rdioaret
451 3751 500 3808 sat
502 3748 528 3808 is
552 3751 606 3808 est.

259 3853 327 3916 lam
356 3874 489 3938 qnaep.
515 3856 710 3932 533-537,
737 3858 778 3918 14
807 3863 980 3918 occurrunt
990 3854 1023 3940 ι),
1052 3856 1137 3939 apud
1166 3854 1346 3919 Charisium

259 4102 342 4165 tIn
343 4120 412 4156 enee
414 4104 494 4155 roms
513 4119 561 4170 par
562 4102 705 4170 roulaep
726 4106 786 4170 424,
801 4096 841 4153 ιι
849 4119 918 4170 apex
936 4094 1047 4157 Donati’
1066 4101 1240 4170 interpositos
1259 4102 1309 4155 est

258 4191 325 4259 ¹.)p
347 4197 405 4257 534,
421 4197 455 4245 39
475 4195 578 4259 Asprus
598 4191 738 4259 qnidam
731 4192 845 4258 rmepsit
868 4191 913 4244 uia
936 4191 1026 4245 nescio
1051 4207 1113 4259 qua
1149 4190 1279 4245 Doctrina
1300 4189 1348 4245 hic

169 4285 295 4347 corrupta
314 4282 420 4334 omnino
440 4297 499 4333 esse
518 4282 641 4350 arguitur
660 4296 700 4346 eo,
720 4282 791 4349 quod
809 4282 879 4348 apud
893 4281 970 4333 Dosit
971 4281 1053 4334 heum
1072 4280 1123 4333 hoc
1140 4279 1200 4333 loco
1216 4296 1243 4348 p
1256 4283 1319 4347 394,
1331 4285 1345 4335 1
