3052 4958
659 519 788 599 -151
837 555 879 564 ..-

75 759 78 768 ,
168 699 349 782 -Pompeius
372 695 508 780 Trogus,
539 696 721 780 Augustus,
752 694 932 776 Maecenas,
964 694 1091 759 Cassius
1124 694 1276 776 Seuerus,
1306 696 1350 762 M.

175 805 326 868 Valerius
344 803 488 867 Messala.
534 801 609 866 Huc
635 802 723 884 adde,
748 802 833 884 quod
857 803 1009 886 quoniam
1028 803 1162 866 minima
1184 804 1352 868 nominum

176 913 339 976 doctrinae
362 919 434 995 pars
457 915 583 994 recepta
611 914 659 973 est
686 929 706 972 a
728 905 883 989 Charisio,
913 908 1010 971 uerba
1038 915 1143 972 autem
1166 910 1352 974 uerborum·

171 1039 241 1103 que
274 1018 477 1101 quaestiones
504 1017 598 1099 plane
624 1017 847 1099 praetermissa
869 1020 957 1098 sunt,
986 1017 1175 1099 scriptorum
1207 1017 1355 1100 exempla

108 1185 109 1188 ,
172 1125 314 1209 *plurima
337 1122 493 1186 obliuioni
518 1124 590 1186 data
612 1128 694 1186 sunt.
738 1124 846 1205 Atque
877 1124 1043 1185 utstatim
1075 1141 1246 1186 numerum
1268 1124 1354 1186 loco-

171 1251 253 1295 rum
270 1230 487 1294 exhibitormn
507 1229 717 1312 computando
737 1229 863 1294 efficere
881 1231 993 1313 poesia,
1017 1230 1154 1292 adiciam
1172 1229 1355 1313 Vergilium

179 1340 348 1423 sexagiens
366 1337 431 1400 fere
446 1335 591 1400 Coelium
609 1335 658 1398 bis
677 1337 870 1419 appellatum
891 1355 968 1400 esse.
1003 1335 1144 1412 Quorum
1164 1339 1356 1420 scriptorum

178 1445 277 1510 uerba
299 1450 367 1509 arte
389 1442 596 1507 Remmianae
620 1443 783 1507 doctrinae
805 1444 926 1507 inserta
950 1449 1032 1506 sunt.
1042 1445 1065 1524 1)

171 1600 173 1606 .
267 1552 435 1631 Virorum,
464 1551 521 1632 qui
549 1550 609 1612 arti
636 1551 860 1632 grammaticae
889 1570 1015 1634 operam
1039 1551 1209 1630 dederunt,
1237 1551 1354 1613 mentio

170 1658 263 1722 iacta
281 1663 330 1722 est
347 1658 475 1720 horum:
501 1656 624 1719 Aurelii
646 1654 751 1739 Opilii,
775 1656 816 1719 M.
840 1657 979 1721 Terentii
1002 1657 1164 1739 Varronis,
1187 1657 1229 1719 M.
1250 1657 1357 1720 Verrii

178 1765 300 1846 Flacci,
329 1762 361 1828 C.
384 1763 482 1826 Plinii
506 1761 655 1826 Secundi.
665 1766 688 1842 ²)
734 1763 820 1847 Ergo
848 1783 942 1827 nemo
965 1765 1112 1828 laudatus
1142 1770 1191 1828 est
1213 1765 1356 1846 scriptor,

181 1873 238 1955 qui
256 1871 460 1934 Palaemonis
479 1874 611 1932 aetatem
637 1872 806 1934 transierit.
845 1870 1044 1954 Quamquam
1068 1872 1151 1955 apud
1175 1871 1355 1934 Romanum

173 1980 216 2041 in
244 1979 346 2062 capite
369 1976 468 2040 XVII
495 1977 679 2059 posterioris
708 1979 820 2041 aetatis
850 1984 994 2042 auctores
1017 1984 1190 2042 occurrunt
1216 1978 1355 2062 plurimi.

172 2084 251 2148 -Hoc
274 2084 342 2148 loco
365 2103 470 2168 pauca
489 2083 529 2146 de
547 2082 588 2147 M.
608 2083 753 2148 Terentio
772 2084 918 2149 Varrone
939 2105 1083 2169 promere
1106 2087 1203 2148 iuuat.
1246 2082 1357 2147 Sueto·

178 2193 252 2255 nius
284 2192 372 2255 enim
404 2191 456 2273 (de
482 2211 582 2274 gram.
607 2193 662 2271 23)
695 2192 804 2255 tradit:
836 2185 1042 2275 ‘Arrogantia
1072 2193 1133 2256 fuit
1157 2188 1356 2274 (Palaemon)

179 2305 281 2381 tanta,
312 2303 350 2361 ut
371 2297 414 2361 M.
438 2297 617 2362 Varronem
646 2318 779 2381 porcum
802 2299 989 2383 appellaret,
1024 2319 1132 2362 secum
1157 2304 1188 2361 et
1210 2303 1301 2360 natas
1324 2302 1358 2360 et

174 2405 353 2468 morituras
380 2405 502 2469 litteras
531 2406 675 2480 iactaret;
703 2394 821 2468 nornen
849 2425 945 2468 suurn
972 2407 1007 2469 in
1034 2405 1188 2468 bucolicis
1217 2404 1284 2484 (ecl.
1307 2403 1357 2466 llI

182 2531 215 2574 u.
244 2511 300 2591 50)
332 2530 398 2574 non
430 2518 547 2575 temere
578 2514 732 2595 positum,
770 2512 826 2576 sed
863 2513 1084 2596 praesagiente
1116 2511 1259 2595 Vergilio
1291 2510 1357 2574 fore

184 2617 378 2701 quandoque
401 2622 546 2682 omnium
569 2626 735 2703 poetarum
759 2639 795 2682 ac
818 2625 1000 2703 poematrmr
1023 2620 1249 2683 Palaemonem
1272 2618 1356 2680 iudi-

175 2717 278 2791 ·cem'.
323 2723 352 2787 a
380 2726 499 2809 quibus
530 2725 673 2790 Suetonii
701 2727 809 2790 uerbis
838 2728 873 2789 ni
901 2727 993 2790 fallor
1021 2727 1216 2790 conieoimus
1245 2725 1357 2789 Palae-

181 2832 367 2894 monianam
396 2832 574 2896 doctrinam
600 2854 731 2918 prorsus
759 2834 896 2898 alienam
924 2834 1024 2897 fuisse
1054 2832 1253 2912 evasione,
1282 2851 1357 2894 nam

175 2938 344 3022 proditum
367 2958 433 3002 non
452 2946 500 3004 est
519 2942 700 3022 memoriae,
725 2962 788 3023 qua
810 2942 934 3004 ratione
953 2941 1155 3004 Palaemonis
1174 2941 1320 3003 doctrina
1338 2959 1357 3001 a

175 3043 387 3108 ¹Varroniana
412 3046 576 3110 disttderit.
622 3049 668 3110 At
690 3048 793 3110 Varro
821 3053 920 3111 artem
948 3049 1189 3130 grammaticam
1210 3047 1357 3130 plurimis

183 3155 218 3214 et
244 3151 424 3219 utilissimis
452 3160 484 3215 et
510 3155 791 3236 praestantissimis
819 3159 1030 3217 exornauerat
1057 3155 1246 3237 praeceptiS,
1267 3172 1358 3235 ,quae

184 3257 327 3322 refellam
350 3263 405 3322 aut
427 3260 596 3343 neglegere
619 3261 803 3342 Palaemon,
831 3262 894 3324 nisi
918 3262 1060 3323 omnium
1084 3262 1267 3344 aequalium
1290 3260 1358 3322 ani-

184 3383 254 3429 mos
276 3366 397 3429 uiolare
416 3371 511 3449 atque
530 3373 674 3431 auertere
692 3369 856 3450 uoluisset,
880 3369 1011 3432 omnino
1031 3388 1096 3431 non
1115 3369 1233 3451 potuit3
1254 3385 1359 3450 neque

176 3491 339 3555 umquam
366 3476 591 3555 grammaticus
613 3479 735 3555 noster,
764 3476 791 3538 si
815 3475 1050 3538 Varronianam
1079 3476 1256 3538 doctrinam
1280 3474 1359 3536 alias

178 3580 348 3663 probatam
375 3580 556 3662 refutasset,
589 3600 756 3644 assensum
786 3601 823 3644 ac
855 3583 1143 3666 comprobationem
1178 3582 1360 3666 aequalium

183 3686 272 3749 illam
297 3687 468 3750 adsecutus
487 3693 575 3752 esset.
618 3686 761 3753 Fuerunt
780 3695 887 3752 autem
905 3689 1061 3753 Varronis
1082 3691 1177 3753 etiam
1194 3688 1359 3773 permulta,

275 3935 296 4002 ¹)
315 3932 446 3988 Martialis
465 3934 630 4004 epigramma
647 3933 675 4003 (l.
694 3935 716 4003 I,
737 3935 781 4004 65)
801 3952 827 4002 p.
841 3939 884 4003 95,
904 3939 938 3989 29
957 3939 1067 3990 exstans
1087 3936 1211 4005 quamuis
1231 3951 1247 3990 a
1264 3935 1359 3990 Palae-

182 4035 263 4075 mone
282 4022 404 4076 exhiberi
421 4023 554 4091 potuerit,
578 4024 668 4077 tamen
694 4025 766 4092 quod
784 4039 801 4078 a
819 4024 942 4077 doctrina
961 4026 1087 4094 dissidet,
1114 4026 1289 4094 grammatino
1308 4041 1361 4080 non

184 4109 388 4179 imputauerim.

175 4251 177 4256 .
275 4199 297 4268 2)
317 4217 343 4269 p.
358 4204 401 4268 94,
423 4206 435 4253 1
456 4200 530 4253 Velii
547 4200 633 4270 Longi
652 4218 750 4255 nomen
769 4202 885 4256 absurde
904 4218 1045 4271 aspersum
1064 4204 1118 4255 est:
1135 4196 1188 4257 ‘De
1207 4221 1260 4273 qua
1278 4221 1361 4273 quae-

175 4289 276 4358 stione
303 4304 319 4343 a
346 4288 423 4343 Velio
441 4288 533 4358 Longo
560 4289 669 4344 libellus
697 4291 815 4361 scriptus
843 4283 902 4345 est’
939 4291 1087 4346 Palaemon
1115 4292 1187 4344 onim
1214 4309 1362 4361 numquam

184 4376 279 4431 laudat
296 4377 363 4432 alios
382 4378 572 4448 grammaticos
590 4379 645 4432 nisi
664 4379 807 4448 disputans
826 4381 859 4434 de
878 4397 970 4435 eorum
989 4381 1140 4450 praeceptis
1158 4397 1190 4435 ac
1200 4382 1361 4451 disceptans,

183 4467 252 4535 qnid
275 4482 366 4536 aquo
389 4468 461 4521 recte
488 4468 618 4522 traditum
637 4469 684 4538 sit,
714 4470 780 4538 quid
803 4487 857 4525 non
879 4470 951 4525 item.
988 4470 1113 4525 Fortasse
1132 4469 1273 4524 Charisius
1291 4471 1364 4524 Volii

185 4571 284 4610 nornen
303 4556 333 4609 in
352 4555 474 4626 margine
493 4572 509 4611 a
528 4556 633 4611 curioso
653 4559 769 4626 quodam
789 4559 942 4628 appositum
960 4560 1022 4614 inde
1038 4560 1068 4613 in
1080 4562 1237 4615 contextum
1254 4561 1364 4626 recepit.

1180 4648 1215 4698 ψ
