3052 4958
691 285 910 347 -]8..

208 460 352 546 tangam,
382 461 531 525 incendio
563 462 623 526 sub
646 460 774 526 Nerone
798 466 866 524 orto
890 461 1013 525 deletae
1021 459 1045 542 1)
1075 480 1270 543 quamquam
1292 460 1385 522 resti·

211 575 298 633 tutae
326 574 415 649 sunt,
448 575 568 649 tamem
602 569 708 652 quoad
740 569 936 651 inuestigare
964 568 1044 630 mihi
1072 569 1218 651 contigit,
1251 587 1316 629 non
1348 568 1385 628 in

211 682 361 759 quartum
383 697 412 759 p.
434 675 504 738 Ohr.
528 675 693 739 saeculum
710 680 960 759 permanserunt.
999 673 1099 738 Porro
1123 676 1264 739 thermae
1283 673 1385 736 Nero-

209 784 326 846 nianae
350 821 392 829 -
417 802 492 845 nam
521 782 561 847 de
586 782 721 845 Titianis
748 784 784 844 in
811 781 877 845 fine
904 782 1000 844 huius
1031 781 1257 865 disputationis
1287 799 1387 863 expo-

210 909 286 951 nam
309 927 351 934 -
376 889 415 951 ab
438 889 627 953 Alexandro
647 886 764 952 Seuero
789 886 998 971 amplificatae
1021 888 1097 951 inde
1121 888 1160 951 ab
1185 907 1221 952 eo
1245 893 1387 970 tempore

204 995 452 1059 ¹Alexandrinae
476 995 580 1058 dictae
603 998 719 1073 sunta)
744 1033 786 1041 —
811 994 905 1076 Quid,
929 1014 1035 1058 nonne
1058 1000 1090 1058 et
1111 996 1172 1058 hoc
1195 1015 1316 1057 nouum
1335 1014 1388 1056 ar-

210 1109 398 1185 gumentum
420 1107 476 1183 est,
500 1100 586 1185 qnod
604 1103 699 1185 primi
718 1103 818 1165 solius
837 1102 956 1165 saeculi
975 1103 1115 1164 thermae
1135 1120 1255 1183 eaeque
1274 1100 1388 1164 Palae-

200 1210 383 1272 ·monianae
406 1211 519 1272 aetatis
542 1209 743 1291 appellantur
761 1213 792 1271 et
810 1228 877 1272 non
895 1227 959 1290 eae,
984 1228 1066 1292 quae
1086 1210 1238 1290 quoniam
1260 1208 1389 1291 magni-

212 1315 394 1379 ficentiores
433 1321 540 1397 erant,
589 1315 657 1378 'llas
698 1315 799 1398 gloria
841 1321 1028 1398 superarent
1065 1313 1267 1377 Domitianas
1303 1313 1389 1394 dico,

210 1423 372 1503 Traianos,
396 1420 620 1502 Diocletianas,
645 1420 891 1485 Constantinas‘?
915 1460 957 1468 »-

304 1527 393 1605 Quae
417 1531 525 1592 onmia
547 1531 575 1593 si
594 1530 668 1612 quis
687 1547 796 1592 secum
813 1531 1018 1612 reputauerit,
1043 1529 1121 1613 quin
1140 1529 1275 1591 alterum
1293 1527 1390 1590 illum

213 1637 320 1720 quarti
354 1636 473 1698 saeculi
506 1636 729 1699 Palaemonem
759 1636 850 1699 furca
874 1637 1020 1718 depellat,
1054 1636 1159 1700 facere
1190 1655 1257 1697 non
1279 1635 1391 1716 possit,

213 1742 407 1824 accedatque
430 1743 470 1805 ad
493 1762 563 1806 eam
586 1744 786 1823 sententiam,
810 1762 907 1824 quam
928 1743 1051 1825 primns
1070 1743 1144 1805 tulit
1166 1744 1218 1804 uir
1241 1741 1390 1804 doctissi-

202 1868 287 1912 mus
309 1847 471 1911 chricus
490 1847 653 1931 Keilius,³)
679 1851 736 1932 qui
757 1868 873 1932 magno
897 1850 1045 1912 acumine
1068 1868 1256 1931 sunnnoque
1279 1847 1387 1909 labore

212 1957 493 2039 grammaticormn
515 1958 615 2039 copiis
639 1957 784 2020 excussis
806 1956 867 2018 hoc
890 1954 983 2018 nobis
1007 1956 1109 2018 otium
1130 1956 1217 2020 fecit:
1249 1973 1317 2018 esse
1340 1972 1390 2034 ea,

214 2081 296 2146 quae
320 2062 405 2145 apud
430 2060 610 2126 Charisium
633 2064 777 2144 aliosque
808 2061 868 2125 suh
892 2061 1093 2126 Palaemonis
1125 2064 1255 2126 nomine
1277 2061 1390 2124 ferun-

213 2175 267 2232 tur
301 2171 521 2253 grammatica‚
553 2170 693 2254 profecta
725 2189 743 2231 a
774 2166 808 2243 Q.
832 2167 977 2232 Remmio
1010 2168 1209 2234 Palaemone.
1263 2169 1313 2231 Ac
1344 2185 1390 2230 ne

214 2273 459 2340 Schottmueller
483 2277 613 2358 quidem
635 2277 671 2339 in
694 2277 786 2340 illum
809 2295 953 2339 errorem
976 2276 1128 2339 inductus
1152 2282 1248 2356 esset,
1271 2275 1299 2337 si
1323 2292 1393 2354 qua

213 2383 335 2445 ratione
360 2381 522 2446 Charisius
551 2385 585 2445 in
614 2382 855 2447 transcribenda
878 2382 1080 2446 Palaemonis
1104 2389 1171 2447 arte
1194 2402 1272 2445 usus
1295 2386 1391 2460 esset,
1463 2426 1465 2431 ·

213 2490 435 2573 perspexisset.
484 2488 687 2553 Palaemonis
719 2491 873 2551 nimirum
905 2509 955 2551 ars
988 2490 1091 2552 simile
1125 2490 1286 2572 quoddam
1316 2505 1391 2569 per-

213 2615 306 2680 pessa
339 2600 387 2660 est
418 2616 455 2659 ac
478 2597 583 2659 Verrii
615 2601 647 2658 et
679 2596 815 2658 aliorum
836 2597 1011 2658 multorum
1034 2597 1191 2659 eiusmodi
1213 2596 1301 2675 libri,
1332 2594 1392 2676 qui

203 2703 351 2766 saeculis
383 2702 565 2784 ruentibus,
599 2722 672 2765 cum
703 2704 930 2786 imperatorum
954 2704 1089 2766 saeuitia
1121 2708 1152 2766 et
1183 2704 1257 2766 fatis
1288 2703 1392 2783 impe-

213 2811 298 2872 rium
334 2809 525 2893 ingentibus
566 2829 674 2873 omnes
712 2810 778 2873 fere
816 2816 898 2874 artes
937 2810 1086 2873 liberales
1127 2813 1393 2873 consenescerent

212 2917 502 3000 grammaticaeque
526 2918 713 3001 disciplinae
737 2918 777 2981 ad
801 2919 972 2982 circuitum
991 2919 1137 3000 quemuis
1161 2918 1316 2999 exiguum
1338 2934 1391 2978 re-

217 3023 328 3086 dactae
366 3031 484 3107 essent,
525 3025 795 3090 contrahebantur
837 3045 874 3088 ac
916 3024 1227 3088 circumcidebantur
1262 3022 1391 3085 omissis

214 3133 275 3213 eiS,
304 3150 386 3214 quae
416 3132 455 3195 ad
479 3133 618 3195 tardiora
640 3134 772 3214 ingenia
801 3133 909 3194 minus
932 3136 1005 3215 apta
1029 3136 1135 3212 erant;
1166 3112 1391 3214 praeterquam

216 3238 303 3320 quod
326 3237 489 3301 Charisius
512 3241 607 3301 etiam
631 3257 738 3300 rerum
766 3237 913 3299 ordinem
940 3259 959 3300 a
981 3237 1173 3301 Palaemone
1205 3238 1393 3299 institutum

215 3346 364 3428 corrupit.
417 3343 539 3419 Quodsi
572 3364 702 3428 operum
730 3350 762 3407 et
793 3343 1001 3407 artificiorum
1028 3346 1098 3407 siue
1129 3345 1288 3426 pictorum
1319 3344 1392 3406 siue

216 3470 256 3514 ex
280 3470 352 3514 aere
374 3451 531 3514 factorum
558 3451 701 3515 membra
733 3453 878 3514 seiuncta
906 3471 971 3514 non
1003 3470 1074 3514 eam
1102 3452 1240 3533 speciem
1267 3470 1304 3513 ac
1333 3469 1392 3512 ue-

216 3563 375 3622 nustatem
414 3558 514 3622 oonhs
546 3559 713 3643 praebent,
751 3578 847 3640 quam
886 3559 920 3620 in
958 3578 1023 3620 uno
1056 3559 1228 3620 coniuncta
1260 3575 1392 3640 corpore

215 3667 333 3747 solent,
365 3684 444 3727 num
475 3667 510 3728 in
540 3665 687 3729 frustulis
713 3666 778 3729 illis
805 3664 1011 3728 Rennmanae
1044 3664 1207 3726 doctrinae
1232 3654 1392 3726 Charisia-

215 3854 429 3861 ψ-

205 4009 215 4016 ..
306 3967 327 4036 ¹)
347 3966 396 4019 Dio
416 3965 490 4022 Cass.
510 3971 553 4036 66,
574 3971 616 4021 24.

226 4113 228 4118 ,
305 4055 326 4126 ²)
346 4055 379 4109 cf.
399 4054 514 4108 Becker:
535 4055 638 4108 Handb.
658 4055 684 4109 d.
702 4057 768 4108 riim.
788 4054 903 4108 Alterth.
922 4071 948 4122 p.
968 4057 1022 4108 683
1042 4068 1114 4122 sqq.;
1138 4051 1233 4106 Orelli:
1253 4051 1392 4120 Regionen

216 4144 241 4198 d.
261 4143 299 4199 st.
318 4143 389 4199 Rom
406 4161 433 4213 p.
453 4149 500 4212 743
519 4149 569 4211 853
590 4148 640 4199 185
650 4159 721 4213 sqq.;
740 4142 988 4197 Platner-Bnnsen:
1008 4142 1161 4197 Beschreib.
1181 4142 1205 4195 d.
1226 4139 1265 4194 St.
1283 4140 1353 4194 Rom
1366 4140 1389 4207 Ι,

202 4231 241 4302 p.
263 4238 314 4288 185
333 4248 393 4303 sqq.

204 4356 205 4360 =
306 4323 329 4392 8)
348 4322 437 4377 Gram.
458 4323 516 4378 Lat.
534 4324 556 4392 I,
575 4341 601 4392 p.
621 4321 722 4377 XLIX.
803 4319 805 4324 ⁴
