3052 4958
629 284 884 361 '-oa-

184 494 267 559 quac
289 475 488 559 insequentis
515 477 667 559 temporis
694 475 909 558 grammaticis
936 495 1066 559 prorsus
1088 476 1359 559 improbabantur.

184 581 253 658 Quo
277 583 312 644 in
335 589 451 667 genere
473 583 606 646 minime
628 582 690 644 hoc
712 582 846 664 placuit,
874 582 960 664 quod
984 602 1058 646 cum
1086 584 1285 665 antiquitatis
1307 585 1359 646 ni-

184 690 267 752 mius
290 695 374 753 esset
397 695 527 771 amator,
551 689 708 752 obsoletas
732 695 829 772 atque
851 690 1021 752 inusitatas
1044 689 1216 753 uerborum
1238 691 1359 754 formas

184 794 333 874 obtinuit;
363 797 449 879 quod
471 802 509 861 ut
532 802 631 859 artem
658 797 897 880 grammaticam
919 796 1060 878 fulciret,
1088 816 1155 859 non
1183 799 1246 861 nisi
1274 799 1359 860 anti·

185 904 315 985 quitatis
338 905 529 987 scriptorum
552 904 774 966 auctoritatem
792 902 972 968 aduocauit.
1013 903 1157 984 Accedit,
1181 903 1267 986 quod
1289 909 1357 993 stn-

183 1008 235 1071 dio
269 1010 408 1091 quodam
443 1009 565 1074 Graeca
597 1011 742 1094 analogia
773 1010 928 1073 rationem
961 1011 1154 1074 sustentauit
1183 1010 1359 1076 uerborum

181 1115 370 1180 Latinorum
390 1122 422 1180 et
440 1117 526 1201 quod
544 1116 673 1180 horrida
694 1117 831 1200 quadam
850 1118 1044 1201 etymologia
1065 1117 1238 1181 uerborum
1261 1118 1360 1201 origi-

181 1242 239 1287 nes
263 1223 431 1286 enucleare
454 1229 586 1286 conatus
610 1229 666 1287 est.
708 1224 816 1306 Atque
833 1224 913 1286 haec
937 1223 1002 1287 fere
1020 1224 1159 1305 fuerunt,
1172 1242 1264 1306 ‘quac
1282 1243 1361 1289 cum

180 1330 297 1413 reliqui
311 1331 406 1413 primi
420 1351 448 1413 p.
460 1328 531 1393 Chr.
546 1331 665 1393 saeculi
680 1331 881 1414 grammatici
895 1336 963 1394 tum
977 1331 1147 1395 Palaemon
1158 1337 1359 1414 respuerunt

182 1435 250 1512 Quo
282 1436 352 1500 fieri
382 1438 498 1520 potuit,
530 1442 567 1500 ut
589 1437 762 1519 Palaemon
786 1436 963 1501 Varronem
994 1440 1137 1523 grauiter
1167 1440 1359 1521 increparet.

179 1543 293 1627 Neque
319 1563 397 1607 uero
426 1544 501 1606 inde
529 1545 637 1607 statim
666 1545 811 1608 conicere
838 1545 915 1609 licet
943 1544 1148 1608 Palaemonis
1177 1545 1359 1611 doctrinam

180 1670 310 1735 prorsus
339 1651 542 1714 abhorruisse
571 1671 589 1714 a
612 1650 830 1732 Varroniana,
858 1650 893 1714 id
917 1651 1003 1734 quod
1027 1651 1269 1716 Schottmueller
1291 1652 1312 1716 l.
1335 1652 1357 1717 l.

179 1779 207 1840 p.
235 1757 410 1821 mooun.
455 1756 526 1819 Iam
556 1759 592 1819 in
614 1758 676 1821 hoc
704 1759 806 1840 capite
828 1757 1002 1821 Palaemon
1029 1763 1061 1820 et
1082 1756 1222 1821 Varroni
1249 1762 1283 1821 ct
1305 1776 1358 1820 ce-

126 1909 128 1913 <
180 1865 256 1928 teris
279 1864 509 1947 grammaticis,
532 1869 569 1927 ut
592 1882 731 1947 aequum
754 1869 814 1946 est,
842 1863 937 1927 modo
961 1864 1140 1928 adsentitur
1161 1865 1256 1927 modo
1281 1884 1356 1928 non.

180 1969 266 2034 Cane
298 1972 384 2033 enim
405 1974 498 2054 putes
530 1970 667 2034 frustula
697 1970 755 2033 illa
777 1968 996 2034 Varronianae
1029 1971 1192 2034 doctrinae
1225 1971 1353 2036 aliunde

179 2076 347 2160 adsumpta
374 2095 442 2140 esse
466 2097 484 2140 a
508 2076 664 2158 Charisi03
695 2077 781 2161 quod
808 2097 851 2141 ne
879 2077 1045 2141 credamus
1071 2077 1279 2161 prohibemur
1308 2097 1356 2161 eo,

180 2183 265 2266 quod
293 2184 451 2248 artissime
473 2183 673 2248 Remmianis
698 2185 820 2268 regulis
842 2186 967 2248 intexta
994 2189 1078 2248 sunt.
1126 2183 1190 2248 Sed
1212 2191 1356 2248 reuerta-

178 2311 252 2354 mur
274 2291 316 2353 ad
339 2310 389 2373 ea,
414 2312 495 2375 qnae
517 2293 724 2358 instituimus.
769 2291 879 2355 Restat
902 2292 1001 2367 enim,
1024 2296 1062 2354 ut
1083 2292 1195 2375 paucis
1217 2291 1354 2356 referam

179 2398 217 2462 de
241 2400 299 2480 eis,
329 2417 411 2480 quae
435 2399 532 2462 dubia
555 2401 660 2463 uideri
682 2401 813 2482 possint.
860 2399 968 2481 Atque
994 2418 1023 2480 p.
1048 2399 1100 2478 25,
1111 2399 1154 2461 20
1178 2397 1354 2463 Palaemon

178 2508 371 2587 exposuerat
398 2505 524 2568 nullum
547 2505 698 2568 Latinum
725 2524 845 2568 nomen
867 2504 1084 2568 masculinum
1105 2506 1140 2567 in
1160 2497 1223 2568 ‘al'
1247 2511 1354 2570 extre-

177 2612 321 2674 mitatem
345 2612 458 2675 uenire
490 2630 597 2697 posse;
629 2614 740 2694 itaque
767 2612 955 2676 neutraliter
980 2602 1079 2674 ‘sale’
1107 2616 1144 2674 ut
1168 2604 1290 2675 ‘marc’
1321 2618 1355 2675 et

177 2710 289 2781 ‘lactc'
316 2717 451 2801 proferri
478 2717 608 2798 debere3
637 2739 667 2802 p.
697 2720 829 2801 106,12
857 2724 965 2782 autem
995 2718 1087 2781 docet
1108 2720 1350 2808 grammaticus:

175 2816 241 2888 ‘sal
270 2825 441 2888 masculini
470 2826 597 2908 generis
620 2830 669 2889 est
697 2845 757 2889 neo
786 2825 883 2890 habet
911 2816 1093 2908 pluralem'.
1141 2823 1240 2907 Quid,
1270 2826 1353 2890 haec

176 2931 276 2994 uerba
299 2951 407 2995 nonne
429 2934 500 2996 istis
522 2933 618 3015 plane
641 2933 839 3017 repugnant?
864 2931 962 3010 Sane3
987 2931 1043 2994 sed
1066 2952 1096 3014 p.
1115 2934 1158 2995 25
1178 2931 1352 2996 Palaemon

176 3040 333 3102 rationem
351 3041 519 3103 nominum
538 3046 709 3103 exsecutus
729 3045 791 3118 est;
815 3061 843 3123 p.
862 3041 924 3104 106
945 3045 1051 3103 autern
1069 3038 1351 3118 consuetudinem;

175 3164 312 3208 reuera
334 3149 457 3209 ratione
481 3151 657 3210 sustentata
679 3147 803 3209 nullum
826 3144 976 3209 Latinum
997 3165 1113 3210 nomen
1136 3145 1353 3212 masculinum

174 3253 210 3314 in
231 3245 295 3315 ‘al'
323 3253 488 3315 terminari
519 3258 631 3336 potest.
686 3251 769 3315 Item
799 3273 830 3336 p.
855 3255 940 3335 35,1
974 3252 1148 3316 Palaemon
1182 3252 1350 3317 disseruit:

174 3360 289 3422 uinum
312 3358 418 3422 oleum
441 3360 504 3421 alia
527 3363 595 3421 tum
620 3359 750 3422 demum
771 3360 937 3443 pluraliter
961 3361 1123 3423 enuntiari
1144 3379 1251 3443 posse,
1274 3379 1351 3448 cum

175 3466 215 3528 ad
240 3485 342 3548 genus
365 3484 430 3527 non
454 3465 493 3527 ad
518 3467 730 3548 quantitatem
757 3467 962 3545 referrentur;
985 3487 1014 3549 p.
1039 3469 1126 3549 93,5
1151 3465 1268 3530 deinde
1292 3485 1352 3530 ex-

174 3572 264 3635 hibet
285 3572 525 3655 grammaticus:
550 3566 642 3636 ‘nam
661 3573 748 3656 quod
771 3579 916 3637 auctores
937 3574 1078 3637 dixerint
1094 3573 1255 3637 frumenta
1275 3574 1351 3636 hor-

175 3679 235 3741 dea
256 3679 360 3760 mella,
383 3698 449 3741 non
471 3699 531 3742 nos
554 3674 705 3743 moueat'.
753 3678 817 3743 Cur
839 3700 905 3743 non
927 3685 1072 3745 moueat?
1109 3679 1158 3743 Ea
1181 3681 1220 3744 de
1243 3699 1351 3762 causa,

175 3785 261 3868 quod
284 3791 429 3849 auctores
452 3787 548 3849 mella
572 3787 699 3869 aliaque
723 3786 764 3849 ad
784 3788 994 3870 quantitatem
1016 3787 1215 3852 rettulerunt.
1259 3785 1352 3862 Quae

173 3911 240 3954 non
272 3891 444 3958 offendunt.
499 3893 600 3956 Porro
631 3913 660 3976 p.
691 3894 801 3975 60,11
835 3914 937 3977 pauca
968 3895 1068 3958 uerba
1099 3894 1178 3958 falso
1209 3893 1351 3957 Terentii

171 3991 354 4082 ‘Adelphis‘
378 3999 616 4082 adiudicantur‚
649 4020 731 4083 quae
752 4022 782 4084 p.
808 4003 916 4082 73,15
944 4007 1029 4065 recte
1051 3993 1269 4065 ‘Phormioni'
1293 4000 1352 4063 ad-

173 4107 291 4189 scripta
318 4111 402 4172 eunt.
452 4106 546 4170 Unde
568 4106 780 4171 Morawslrius
806 4107 826 4169 l.
850 4108 870 4169 l.
900 4108 1043 4172 diuersos
1073 4109 1250 4191 exscriptos
1277 4126 1353 4173 esse

171 4213 274 4276 fontes
302 4211 487 4277 aOharisio
516 4215 666 4294 coniecit;
700 4213 755 4277 sed
781 4234 896 4298 parum
926 4215 1004 4278 mihi
1036 4216 1200 4300 persuasit
1253 4212 1352 4298 Quid,

169 4319 270 4381 uerba
300 4319 441 4382 Terentii
472 4322 534 4384 ista
567 4339 675 4384 nonne
707 4320 746 4384 ab
780 4322 940 4406 alioque
974 4323 1091 4387 diserte
1121 4323 1157 4385 in
1184 4321 1353 4406 Adelphos
