3052 4958
659 249 878 311 -10.-

268 426 488 511 Comparanda
507 431 590 507 sunt,
612 445 694 509 quae
710 424 874 488 Charisius
893 445 922 507 p.
945 426 995 505 10,
1008 427 1047 487 18
1068 425 1172 487 docet:
1191 415 1230 484 ‘lr
1249 423 1354 486 littera

176 541 270 598 notae
292 539 419 598 tantum
442 553 540 597 causa
561 534 701 617 ponitur,
725 553 800 596 cum
823 531 974 595 kalendas
994 532 1061 594 sola
1084 529 1268 614 (significat)
1293 536 1351 592 aut

176 640 380 704 Kaesonem*
400 660 530 724 quoquc
548 641 748 703 kalumniam
767 644 823 702 aut
842 637 1073 722 Karthaginem
1091 629 1292 719 scribimus';
1317 642 1349 699 et

158 768 205 831 p.
230 749 327 828 8,16;
351 739 421 810 ‘Ex
444 748 493 811 his
519 747 575 831 (sc.
599 746 711 824 mutis)
735 764 954 830 superuacuae
979 744 1172 828 quibusdam
1195 743 1354 807 uidentur

176 855 252 916 ket
276 875 311 938 q,
340 854 427 937 quod
458 874 476 917 c
503 855 608 917 littera
635 854 751 916 horum
778 853 887 916 locum
915 853 1015 935 possit
1044 852 1179 935 inplere,
1210 856 1246 912 ut
1273 855 1353 933 puta

177 959 342 1041 Carthago.
388 958 601 1042 Praeponitur
632 965 740 1023 autern
769 960 805 1040 lr,
836 960 983 1041 quotiens
1012 980 1030 1022 a
1058 959 1204 1040 sequitur
1233 959 1288 1038 (sc.
1316 958 1353 1019 in

175 1068 222 1130 eis
253 1067 453 1147 nominibus,
486 1085 568 1149 quae
601 1069 697 1131 etiam
729 1071 804 1130 nota
835 1065 1084 1149 significantur),
1118 1070 1154 1128 ut
1181 1063 1353 1146 kalendae;

177 1195 199 1257 q
221 1174 384 1256 scribitur,
409 1175 557 1257 quotiens
580 1194 603 1237 u
627 1176 799 1237 coniuncta
823 1194 895 1237 oum
920 1174 983 1236 alia
1005 1174 1110 1236 uocali
1133 1173 1352 1255 subsequitur,

175 1287 212 1345 ut
236 1298 374 1365 quercus
403 1282 527 1365 questio
560 1287 698 1364 quantus
732 1286 763 1344 et
790 1281 839 1344 his
863 1276 1010 1359 similia'3
1045 1286 1074 1344 el
1103 1301 1132 1363 p.
1157 1281 1258 1356 8,12:
1281 1271 1353 1340 Ἕκ

175 1388 226 1451 his
258 1388 314 1472 (so.
339 1387 601 1472 semiuocalibus)
634 1408 699 1452 una
723 1388 844 1472 duplex
876 1394 923 1451 est
946 1408 977 1450 x.
1025 1386 1156 1450 Constat
1187 1387 1273 1449 enim
1297 1392 1354 1448 aut

175 1513 218 1558 ex
240 1516 262 1578 g
286 1501 317 1559 et
340 1515 369 1572 s,
398 1501 435 1558 ut
457 1514 516 1559 rer
539 1497 638 1579 regis,
662 1501 718 1559 aut
740 1514 783 1558 cx
807 1515 824 1558 c
847 1500 878 1559 et
902 1515 930 1575 s,
960 1501 997 1558 ut
1019 1495 1076 1577 pix
1100 1494 1189 1577 picis,
1212 1488 1354 1576 ideoque

175 1601 257 1665 haec
278 1602 384 1664 littera
407 1622 425 1663 a
450 1601 642 1684 quibusdam
665 1596 822 1684 negatur.²

266 1706 484 1783 Quintilianus
512 1707 654 1787 1,4,20
687 1708 867 1791 profitetur:
900 1702 980 1771 ‘Alii
1012 1714 1120 1771 tamen
1152 1727 1194 1771 ex
1226 1708 1354 1771 idoneis

177 1815 345 1878 dumtaxat
368 1814 554 1878 auctoribus
582 1821 652 1878 octo
676 1820 781 1898 partes
806 1817 958 1879 orationis
990 1817 1093 1878 secuti
1116 1822 1193 1877 sunt
1215 1820 1252 1878 ut
1276 1815 1354 1876 Ari-

176 1920 322 1985 starchus
346 1926 377 1984 et
400 1925 502 1985 aetate
524 1934 633 1986 nostra
656 1922 838 2002 Palaemon,
863 1923 919 2004 qui
936 1921 1134 1984 uocabulum
1153 1923 1225 1985 siue
1244 1921 1354 2005 appel-

175 2029 326 2091 lationem
360 2029 484 2090 nomini
516 2029 724 2093 subiecerunt
755 2035 921 2112 tamquam
954 2030 1093 2112 speciem
1124 2030 1201 2092 eius.
1248 2029 1293 2090 nt
1315 2030 1351 2105 ii,

176 2136 234 2218 qui
257 2134 346 2198 aliud
368 2154 495 2218 nornen,
519 2136 607 2200 aliud
630 2136 828 2201 uocabulum
851 2137 981 2217 faciunt,
1004 2155 1131 2198 nouem.
1178 2134 1352 2198 Nihilomi-

175 2261 238 2305 nus
260 2241 405 2323 fuerunt,
434 2242 491 2324 qui
519 2244 627 2326 ipsum
650 2243 757 2309 adhuc
785 2243 980 2307 uocabulum
1004 2243 1044 2306 ab
1068 2244 1278 2327 appellatione
1302 2242 1353 2304 di-

175 2348 337 2429 ducerent,
356 2354 393 2410 ut
413 2354 497 2412 esset
514 2351 712 2415 uocabulum
732 2371 848 2434 corpus
867 2352 942 2413 uisu
961 2355 1112 2433 tactuque
1131 2350 1353 2430 manifestum,

171 2447 296 2517 ‘domus
319 2448 443 2535 lectus',
467 2456 652 2539 appellatio,
677 2459 731 2520 cui
754 2458 808 2521 uel
837 2458 972 2520 alterum
998 2457 1121 2520 deesset
1144 2458 1198 2519 uel
1222 2462 1349 2519 utrum-

174 2579 247 2643 que,
269 2553 406 2624 ‘nentus
430 2563 553 2624 caelum
577 2562 656 2626 deus
679 2559 810 2628 uirtus'.

264 2666 379 2731 Confer
409 2671 604 2752 excerptoris
627 2670 796 2735 Bobiensis
820 2672 997 2734 doctrinam
1021 2671 1052 2751 Ι,
1077 2692 1105 2754 p.
1131 2673 1194 2733 533
1220 2676 1352 2734 exstan-

164 2757 250 2836 tem:
285 2767 459 2838 ‘Orationis
492 2782 596 2859 partes
629 2783 706 2840 sunt
737 2785 821 2841 octo:
855 2798 975 2842 nomen
1004 2797 1181 2861 pronomen
1211 2778 1349 2841 uerbum

172 2880 362 2944 aduerbium
390 2883 595 2965 participium
623 2885 815 2967 praepositio
844 2886 1028 2949 coniunctio
1053 2886 1244 2959 interiecti03
1277 2887 1351 2967 qui-

173 2987 309 3051 busdam
334 2989 461 3053 uidetur
485 2996 516 3053 et
535 2985 726 3074 appellatio.³
746 3029 788 3038 -
807 2990 848 3054 In
871 3011 916 3073 ea,
937 3012 1019 3075 quae
1039 2993 1185 3075 sequitur
1205 2994 1351 3054 doctrina

171 3116 201 3178 p.
226 3098 330 3174 533‚o
354 3099 523 3160 nominum
553 3098 699 3180 singulae
727 3100 849 3181 species
879 3099 1109 3162 discernuntur
1135 3099 1259 3181 ipsique
1289 3119 1349 3161 uo-

171 3203 252 3264 mini
274 3202 528 3286 subiunguntur,
555 3206 657 3287 pergit
681 3207 768 3267 enim
792 3203 976 3268 definitione
1005 3207 1144 3268 nominis
1172 3208 1349 3288 praemissa

172 3311 413 3392 grammaticus:
437 3304 592 3373 ‘Nomina
615 3315 671 3372 aut
694 3312 821 3393 propria
845 3317 921 3373 sunt
944 3317 1000 3373 aut
1023 3312 1226 3395 appellatiua.
1271 3314 1349 3375 Pro-

172 3418 242 3499 pria
264 3422 341 3479 sunt
364 3418 503 3497 nomina,
529 3435 611 3498 quae
630 3418 812 3500 specialiter
831 3419 1021 3501 proprieque
1041 3419 1260 3482 dicuntur...
1278 3421 1347 3502 np-

172 3524 300 3614 pcllatio
320 3522 445 3600 dicitur,
470 3524 629 3606 quidquid
649 3529 774 3607 praeter
792 3525 959 3607 proprium
978 3544 1096 3588 nornen
1116 3532 1170 3588 est.
1204 3526 1347 3589 Haecin

173 3630 251 3693 duas
275 3631 398 3713 species
423 3630 619 3695 diuiduntur.
667 3631 743 3694 Alia
766 3632 851 3693 enim
876 3631 1060 3714 significant
1084 3653 1133 3696 res
1157 3635 1347 3716 corporales

174 3756 255 3820 quae
274 3737 379 3821 uideri
393 3738 547 3819 tangique
565 3742 699 3820 possunt
718 3742 749 3799 et
763 3757 782 3799 a
798 3738 989 3820 quibusdam
1006 3739 1163 3802 uocabula
1183 3742 1346 3823 appellan-

171 3849 233 3921 tur,
257 3849 294 3906 ut
315 3844 409 3906 homo
437 3843 531 3906 arbor
554 3863 666 3927 pecus3
698 3846 760 3907 alia
783 3844 946 3908 intellectu
970 3852 1097 3908 tantum
1126 3847 1219 3909 modo
1242 3850 1345 3931 perci-

171 3952 314 4034 piuntur,
328 3969 444 4014 nerum
459 3969 562 4034 neque
577 3951 682 4014 uideri
697 3969 757 4013 nec
771 3952 859 4035 tangi
874 3959 1018 4036 possunt,
1028 3957 1063 4014 ut
1077 3958 1124 4015 est
1143 3956 1242 4037 pietas
1253 3956 1344 4017 iusti-

171 4059 223 4120 tia.
247 4056 295 4119 Ea
310 4060 362 4137 (sc.
381 4059 522 4140 exceptis
536 4057 725 4120 nominibus
740 4059 890 4142 propriis)
909 4078 967 4121 nos
983 4061 1173 4143 appellatiua
1188 4056 1345 4123 dicimus.²

261 4162 367 4238 Quint.
382 4158 413 4240 4Ι,
432 4167 462 4244 4,
473 4165 529 4226 23:
553 4156 640 4227 ‘Non
664 4166 724 4227 erit
747 4171 916 4228 contentus
942 4173 995 4245 (so.
1019 4168 1256 4249 grammaticus)
1282 4174 1345 4229 tra-

172 4269 247 4333 dere
265 4271 300 4331 in
319 4270 503 4333 nominibus
522 4272 583 4334 tria
600 4291 718 4355 genera
737 4277 769 4335 et
788 4293 870 4354 quae
890 4279 965 4337 sunt
984 4273 1109 4337 duobus
1129 4274 1343 4357 omnibusque
