3052 4958
663 461 861 522 -9-

173 639 301 716 tatione,
326 657 408 721 quae
430 637 635 700 inscribitur:
659 629 891 712 ‘Quaestiones
915 629 1173 719 Quintiliaueae',
1195 634 1306 700 Jahrb.
1329 637 1349 700 f.

174 744 255 808 Phil.
280 744 390 828 Suppl.
416 746 449 824 6,
479 764 509 826 p.
534 745 598 807 359
623 763 691 826 sqq.
718 742 908 819 Quintiliani
936 745 1216 827 grammaticarum
1243 761 1351 806 rerum

172 852 373 935 prouinciam
401 852 592 934 percensuit.
646 848 749 924 Quem
779 869 821 913 ex
848 857 937 934 parte
968 852 1077 934 aliqua
1105 851 1222 914 ducem
1249 851 1351 914 secuti

173 957 366 1033 Quintiliani
390 958 580 1033 doctrinam,
615 962 774 1040 quatenus
804 957 845 1020 ad
873 962 1017 1021 nostrum
1047 977 1142 1020 usum
1170 956 1241 1020 fieri
1270 976 1350 1040 opus

175 1070 231 1142 est,
255 1084 329 1127 cum
353 1062 494 1127 Charisio
520 1064 657 1146 aliisque
681 1064 949 1148 comparabimus,

263 1169 739 1253 Quinfflianus1)1,4,6-21
766 1191 843 1235 eum
867 1172 1002 1253 docendi
1026 1171 1171 1234 ordinem
1196 1171 1351 1253 sequitur,

173 1285 211 1342 ut
233 1284 400 1362 postquam
421 1298 441 1340 a
463 1278 577 1341 litteris
601 1279 639 1341 ad
660 1278 801 1359 syllabas
826 1277 972 1360 (6-17),
995 1299 1014 1341 a
1033 1277 1166 1358 syllabis
1186 1276 1226 1339 ad
1245 1282 1351 1361 partes

173 1387 324 1449 orationis
348 1385 505 1466 (ra-21)
530 1386 686 1467 peruenit,
712 1389 741 1466 b,
768 1388 784 1447 1
811 1387 852 1448 ad
876 1388 1009 1449 uirtutes
1034 1405 1072 1449 ac
1093 1386 1175 1448 uitia
1199 1384 1352 1447 orationis

173 1493 346 1556 descendat
369 1492 419 1554 his
442 1491 566 1555 uerbis:
590 1485 684 1555 ‘Jam
710 1511 784 1555 cum
809 1493 907 1556 oratio
926 1499 990 1556 tres
1013 1493 1129 1556 habeat
1147 1491 1344 1554 uirtutes...

171 1599 306 1662 totidem
330 1599 426 1661 uitia.
443 1647 450 1660 .
465 1648 488 1679 .,
520 1599 686 1662 emendate
714 1599 870 1682 loquendi
892 1600 1051 1683 regulam,
1083 1617 1165 1683 quae
1193 1616 1352 1680 gramma-

176 1707 256 1768 tices
279 1707 367 1788 prior
390 1725 464 1788 pars
488 1710 543 1786 est,
567 1698 751 1769 examinet.³

263 1810 406 1874 Similem
429 1812 654 1894 grammatices
679 1814 764 1875 uiam
793 1814 893 1875 intrat
916 1810 1123 1894 Dositheus2)
1147 1810 1256 1892 V11,³)
1281 1812 1346 1875 377

175 1921 278 1980 1-4:
301 1911 401 1981 ‘Artis
420 1918 644 2002 grammaticae
668 1921 759 1983 initia
779 1919 818 1982 ab
839 1920 1005 1983 elementis
1024 1923 1169 2000 snrgunt,
1194 1918 1352 1981 elementa
1397 1933 1401 1938 ·

172 2024 353 2109 figurantur
383 2026 418 2087 in
441 2025 576 2103 litteraS,
608 2027 736 2090 litterae
770 2032 933 2110 coguntur
964 2027 999 2088 in
1027 2025 1184 2107 syllabas,
1217 2023 1351 2104 syllabis

172 2133 455 2215 comprehenditur
482 2132 592 2210 dictio,
622 2134 778 2197 dictiones
807 2140 966 2216 coguntur
992 2135 1028 2195 in
1057 2137 1163 2216 partes
1187 2131 1350 2211 orationis,

175 2241 275 2302 oratio
299 2242 334 2301 in
358 2241 496 2303 uirtutes
520 2258 557 2302 ac
579 2240 660 2302 uitia
683 2235 867 2304 descendit.³

262 2343 310 2408 De
333 2347 447 2408 litteris
478 2345 638 2409 disserens
663 2344 881 2421 Quintilianus
904 2347 934 2421 I,
958 2350 1019 2424 t,7
1030 2368 1036 2408 :
1064 2339 1122 2408 ‘At
1150 2345 1352 2428 grammatici

174 2445 313 2527 saltem²,
341 2452 459 2533 inquit,
483 2445 611 2515 tomnes
634 2455 669 2515 in
693 2454 777 2516 hanc
801 2454 995 2517 descendent
1017 2472 1125 2516 rerum
1150 2451 1373 2514 tenuitatemt’

175 2556 321 2619 desintne
354 2556 480 2640 aliquae
512 2557 606 2621 nobis
639 2560 838 2623 necessariae
870 2559 1007 2635 litterae,
1040 2577 1106 2620 non
1140 2577 1215 2620 cum
1243 2576 1356 2641 graeca

174 2662 351 2744 scribimus,
375 2669 445 2727 tum
469 2666 556 2728 enim
580 2665 620 2729 ab
645 2668 749 2730 isdem
773 2667 854 2729 duas
878 2659 1081 2729 mutuamur'
1105 2667 1159 2746 (sc.
1183 2669 1261 2745 yet
1302 2666 1322 2744 l.

263 2769 312 2833 De
343 2771 464 2834 eisdem
492 2772 608 2836 litteris
638 2772 802 2838 Charisius
826 2772 857 2849 Ι,
887 2794 916 2856 p.
942 2775 972 2856 8,
984 2774 1027 2836 20
1049 2773 1182 2856 profert:
1211 2765 1260 2834 ‘Y
1283 2777 1354 2834 eta

174 2884 303 2960 propter
329 2876 451 2941 Graeca
483 2881 615 2942 nomina
646 2873 851 2946 admisimus'
875 2884 907 2945 et
933 2901 962 2963 p.
990 2883 1087 2962 11,4:
1119 2872 1211 2957 ‘His,
1243 2884 1280 2942 ut
1308 2879 1355 2941 di-

177 2992 265 3046 ctum
290 2991 346 3064 est,
370 2985 527 3049 accedunt
549 2993 678 3071 propter
702 2988 823 3051 Graeca
847 2988 978 3050 nomina
1000 3007 1023 3068 y
1046 2992 1077 3050 et
1099 3007 1126 3064 a,
1150 2988 1242 3050 utin
1266 2984 1355 3066 Hya-

175 3092 284 3153 aintho
311 3086 459 3155 Zenone?

268 3195 487 3272 Quintilianus
506 3199 623 3262 deinde
642 3199 666 3274 I,
685 3201 762 3276 4,9;
787 3192 853 3261 ‘An
872 3218 988 3262 rursus
1007 3200 1089 3262 aliae
1108 3199 1303 3263 redundent.
1319 3248 1348 3262 ..

175 3314 214 3368 ut
236 3305 266 3381 lr,
292 3322 375 3387 quae
398 3305 521 3388 etipsa
545 3305 748 3388 quorundam
772 3307 943 3368 nominum
967 3312 1044 3368 nota
1068 3311 1124 3388 est,
1148 3312 1179 3369 et
1199 3325 1219 3389 q
1324 3310 1356 3370 et

175 3419 359 3477 nostrarum
383 3405 512 3475 ultima'
537 3415 591 3494 (sc.
616 3433 640 3475 x
662 3413 795 3493 littera),
821 3420 852 3477 et
877 3413 903 3495 I,
929 3415 1027 3496 7,10:
1056 3406 1154 3475 ‘Nam
1178 3413 1200 3476 lc
1225 3413 1356 3497 quidem

176 3521 209 3583 in
234 3521 333 3584 nullis
366 3518 474 3583 uerbis
498 3519 656 3584 utendum
683 3526 762 3605 puto
794 3522 860 3585 nisi
886 3540 968 3604 quae
996 3519 1168 3604 significat,
1201 3521 1297 3584 etiam
1320 3525 1356 3583 ut

178 3627 245 3689 sola
268 3633 413 3710 ponatur.
458 3625 531 3691 Hoc
554 3647 591 3692 eo
615 3647 682 3706 non
706 3629 808 3706 omisi,
836 3628 923 3711 quod
948 3627 1081 3712 quidam
1105 3646 1183 3704 eam,
1208 3628 1356 3710 quotiens

180 3739 389 3816 assequatur,
419 3735 633 3799 necessariam
665 3735 814 3813 credunt,
844 3754 919 3799 eum
951 3737 992 3799 sit
1015 3755 1032 3798 c
1054 3735 1172 3816 littera,
1203 3752 1285 3817 quae
1316 3734 1356 3796 ad

181 3842 285 3903 omnis
308 3842 430 3905 uocalis
454 3842 522 3905 uim
546 3862 636 3905 suam
661 3835 837 3925 praeferat.³

271 4140 291 4206 ¹)
309 4155 362 4194 rec.
383 4140 410 4195 O.
430 4140 520 4210 Halm,
540 4142 614 4212 Lips.
637 4148 713 4198 1868.

270 4227 291 4296 a)
311 4226 386 4293 Quae
404 4246 477 4284 nnnc
496 4247 512 4285 a
530 4231 651 4299 Charisii,
672 4231 804 4296 Dosithoi‚
824 4230 990 4298 excerptoris
1004 4229 1151 4284 Bobiensis
1171 4229 1292 4284 doctrina
1309 4246 1355 4299 pe·

180 4317 258 4371 tituri
276 4332 385 4386 sumus,
409 4335 441 4373 aa
467 4336 482 4373 e
501 4319 670 4375 Palaemonis
697 4319 764 4373 libro
789 4318 921 4374 translata
945 4335 1004 4374 esse
1028 4320 1151 4388 sequenti
1175 4318 1357 4387 disputatione

183 4421 364 4477 coarguemus

270 4495 292 4566 ⁸)
312 4495 487 4577 Grammatici
506 4497 563 4551 Lat.
582 4514 616 4551 ex
634 4513 687 4552 rec.
706 4496 741 4552 Η.
761 4496 853 4566 Keilii,
873 4496 946 4566 Lips.
968 4501 1036 4552 1857
1057 4512 1113 4566 sqq.
