<?xml version="1.0" encoding="UTF-8"?>
<!DOCTYPE html PUBLIC "-//W3C//DTD XHTML 1.0 Transitional//EN"
    "http://www.w3.org/TR/xhtml1/DTD/xhtml1-transitional.dtd">
<html xmlns="http://www.w3.org/1999/xhtml" xml:lang="en" lang="en">
 <head>
  <title>
</title>
<meta http-equiv="Content-Type" content="text/html;charset=utf-8" />
  <meta name='ocr-system' content='tesseract 3.04.00' />
  <meta name='ocr-capabilities' content='ocr_page ocr_carea ocr_par ocr_line ocrx_word'/>
</head>
<body>
  <div class='ocr_page' id='page_1' title='image "./deqremmiipalaem00marsgoog_0025.png"; bbox 0 0 3052 4958; ppageno 0'>
   <div class='ocr_carea' id='block_1_1' title="bbox 662 294 882 357">
    <p class='ocr_par' dir='ltr' id='par_1_1' title="bbox 662 294 882 357">
     <span class='ocr_line' id='line_1_1' title="bbox 662 294 882 357; baseline 0.005 -18"><span class='ocrx_word' id='word_1_1' title='bbox 662 294 882 357; x_wconf 71' lang='lat'>„20..</span> 
     </span>
    </p>
   </div>
   <div class='ocr_carea' id='block_1_2' title="bbox 179 469 1356 1088">
    <p class='ocr_par' dir='ltr' id='par_1_2' title="bbox 179 469 1356 1088">
     <span class='ocr_line' id='line_1_2' title="bbox 179 469 1354 555; baseline -0.002 -19"><span class='ocrx_word' id='word_1_2' title='bbox 179 473 324 536; x_wconf 87' lang='lat' dir='ltr'>Romano</span> <span class='ocrx_word' id='word_1_3' title='bbox 349 471 505 555; x_wconf 83' lang='lat' dir='ltr'>exempla,</span> <span class='ocrx_word' id='word_1_4' title='bbox 528 491 548 532; x_wconf 87' lang='lat' dir='ltr'>a</span> <span class='ocrx_word' id='word_1_5' title='bbox 567 469 754 533; x_wconf 85' lang='lat' dir='ltr'>Cominiano</span> <span class='ocrx_word' id='word_1_6' title='bbox 778 472 904 554; x_wconf 87' lang='lat' dir='ltr'>regulas</span> <span class='ocrx_word' id='word_1_7' title='bbox 923 471 1094 534; x_wconf 88' lang='lat' dir='ltr'>nonnullas</span> <span class='ocrx_word' id='word_1_8' title='bbox 1114 472 1244 555; x_wconf 90' lang='lat' dir='ltr'>accepit.</span> <span class='ocrx_word' id='word_1_9' title='bbox 1291 471 1354 535; x_wconf 88' lang='lat' dir='ltr'>Ro-</span> 
     </span>
     <span class='ocr_line' id='line_1_3' title="bbox 179 576 1354 662; baseline -0.001 -20"><span class='ocrx_word' id='word_1_10' title='bbox 179 598 295 643; x_wconf 91' lang='lat' dir='ltr'>manus</span> <span class='ocrx_word' id='word_1_11' title='bbox 314 584 346 642; x_wconf 88' lang='grc'>11</span> <span class='ocrx_word' id='word_1_12' title='bbox 365 577 575 641; x_wconf 70' lang='lat' dir='ltr'>dominianus</span> <span class='ocrx_word' id='word_1_13' title='bbox 591 576 795 642; x_wconf 80' lang='lat' dir='ltr'><strong>Palaemonis</strong></span> <span class='ocrx_word' id='word_1_14' title='bbox 814 579 991 642; x_wconf 79' lang='lat' dir='ltr'>doctrinam</span> <span class='ocrx_word' id='word_1_15' title='bbox 1009 580 1075 641; x_wconf 90' lang='grc'><strong>11111</strong></span> <span class='ocrx_word' id='word_1_16' title='bbox 1094 579 1354 662; x_wconf 88' lang='lat' dir='ltr'>compilauerant.</span> 
     </span>
     <span class='ocr_line' id='line_1_4' title="bbox 179 683 1355 768; baseline -0.002 -19"><span class='ocrx_word' id='word_1_17' title='bbox 179 686 212 748; x_wconf 86' lang='lat' dir='ltr'><strong>A</strong></span> <span class='ocrx_word' id='word_1_18' title='bbox 234 685 435 765; x_wconf 75' lang='lat' dir='ltr'>Palaemone,</span> <span class='ocrx_word' id='word_1_19' title='bbox 460 685 512 747; x_wconf 91' lang='lat' dir='ltr'>cui</span> <span class='ocrx_word' id='word_1_20' title='bbox 535 686 675 768; x_wconf 86' lang='lat' dir='ltr'>plurima</span> <span class='ocrx_word' id='word_1_21' title='bbox 699 685 805 765; x_wconf 91' lang='lat' dir='ltr'>debet,</span> <span class='ocrx_word' id='word_1_22' title='bbox 830 683 993 748; x_wconf 79' lang='lat' dir='ltr'>Charisius</span> <span class='ocrx_word' id='word_1_23' title='bbox 1018 690 1086 748; x_wconf 90' lang='lat' dir='ltr'>tum</span> <span class='ocrx_word' id='word_1_24' title='bbox 1110 685 1151 747; x_wconf 90' lang='lat' dir='ltr'>ad</span> <span class='ocrx_word' id='word_1_25' title='bbox 1173 683 1355 748; x_wconf 91' lang='lat' dir='ltr'>Romanum</span> 
     </span>
     <span class='ocr_line' id='line_1_5' title="bbox 181 791 1356 876; baseline -0.001 -21"><span class='ocrx_word' id='word_1_26' title='bbox 181 792 329 876; x_wconf 90' lang='lat' dir='ltr'>delapsus</span> <span class='ocrx_word' id='word_1_27' title='bbox 353 795 413 871; x_wconf 88' lang='grc'><strong>111,</strong></span> <span class='ocrx_word' id='word_1_28' title='bbox 442 810 516 854; x_wconf 91' lang='lat' dir='ltr'>cum</span> <span class='ocrx_word' id='word_1_29' title='bbox 538 791 625 854; x_wconf 88' lang='lat' dir='ltr'>illius</span> <span class='ocrx_word' id='word_1_30' title='bbox 654 791 800 855; x_wconf 89' lang='lat' dir='ltr'>doctrina</span> <span class='ocrx_word' id='word_1_31' title='bbox 827 793 927 854; x_wconf 88' lang='lat' dir='ltr'>nimia</span> <span class='ocrx_word' id='word_1_32' title='bbox 957 799 1054 875; x_wconf 88' lang='lat' dir='ltr'>atque</span> <span class='ocrx_word' id='word_1_33' title='bbox 1077 791 1208 855; x_wconf 82' lang='lat' dir='ltr'>uberior</span> <span class='ocrx_word' id='word_1_34' title='bbox 1231 792 1260 854; x_wconf 92' lang='grc'>11</span> <span class='ocrx_word' id='word_1_35' title='bbox 1282 792 1356 854; x_wconf 87' lang='grc'><strong>1111</strong></span> 
     </span>
     <span class='ocr_line' id='line_1_6' title="bbox 180 897 1356 981; baseline -0.002 -18"><span class='ocrx_word' id='word_1_36' title='bbox 180 904 236 963; x_wconf 91' lang='lat' dir='ltr'>est.</span> <span class='ocrx_word' id='word_1_37' title='bbox 260 937 302 943; x_wconf 86' lang='lat'>—</span> <span class='ocrx_word' id='word_1_38' title='bbox 325 897 366 961; x_wconf 89' lang='lat' dir='ltr'>In</span> <span class='ocrx_word' id='word_1_39' title='bbox 388 898 530 961; x_wconf 89' lang='lat' dir='ltr'>secundo</span> <span class='ocrx_word' id='word_1_40' title='bbox 553 897 635 961; x_wconf 88' lang='lat' dir='ltr'>libro</span> <span class='ocrx_word' id='word_1_41' title='bbox 658 917 729 961; x_wconf 90' lang='lat' dir='ltr'>eam</span> <span class='ocrx_word' id='word_1_42' title='bbox 746 898 937 981; x_wconf 90' lang='lat' dir='ltr'>plerumque</span> <span class='ocrx_word' id='word_1_43' title='bbox 960 903 1089 962; x_wconf 88' lang='lat' dir='ltr'>secutus</span> <span class='ocrx_word' id='word_1_44' title='bbox 1114 904 1161 961; x_wconf 91' lang='grc'>111</span> <span class='ocrx_word' id='word_1_45' title='bbox 1184 903 1356 962; x_wconf 86' lang='lat' dir='ltr'>consuetu-</span> 
     </span>
     <span class='ocr_line' id='line_1_7' title="bbox 181 1003 1355 1088; baseline 0 -20"><span class='ocrx_word' id='word_1_46' title='bbox 181 1005 298 1086; x_wconf 90' lang='lat' dir='ltr'>dinem,</span> <span class='ocrx_word' id='word_1_47' title='bbox 312 1010 350 1068; x_wconf 89' lang='lat' dir='ltr'>ut</span> <span class='ocrx_word' id='word_1_48' title='bbox 360 1003 541 1068; x_wconf 79' lang='lat' dir='ltr'>Conriniani</span> <span class='ocrx_word' id='word_1_49' title='bbox 554 1005 710 1088; x_wconf 83' lang='lat' dir='ltr'>particula</span> <span class='ocrx_word' id='word_1_50' title='bbox 724 1006 899 1088; x_wconf 89' lang='lat' dir='ltr'>praemissa</span> <span class='ocrx_word' id='word_1_51' title='bbox 910 1004 952 1067; x_wconf 91' lang='lat' dir='ltr'>ad</span> <span class='ocrx_word' id='word_1_52' title='bbox 961 1003 1164 1068; x_wconf 83' lang='lat' dir='ltr'>Palaemonis</span> <span class='ocrx_word' id='word_1_53' title='bbox 1175 1005 1355 1069; x_wconf 82' lang='lat' dir='ltr'>doctrinam</span> 
     </span>
    </p>
   </div>
   <div class='ocr_carea' id='block_1_3' title="bbox 45 1110 1357 1195">
    <p class='ocr_par' dir='ltr' id='par_1_3' title="bbox 45 1110 1357 1195">
     <span class='ocr_line' id='line_1_8' title="bbox 45 1110 1357 1195; baseline 0.001 -21"><span class='ocrx_word' id='word_1_54' title='bbox 45 1180 55 1187; x_wconf 50' lang='lat'><strong><em>„</em></strong></span> <span class='ocrx_word' id='word_1_55' title='bbox 178 1117 324 1195; x_wconf 89' lang='lat' dir='ltr'>pergeret</span> <span class='ocrx_word' id='word_1_56' title='bbox 351 1112 547 1195; x_wconf 89' lang='lat' dir='ltr'>ampliorem.</span> <span class='ocrx_word' id='word_1_57' title='bbox 594 1110 664 1187; x_wconf 78' lang='lat' dir='ltr'>Qua</span> <span class='ocrx_word' id='word_1_58' title='bbox 691 1130 733 1174; x_wconf 82' lang='lat' dir='ltr'>ex</span> <span class='ocrx_word' id='word_1_59' title='bbox 760 1115 849 1194; x_wconf 85' lang='lat' dir='ltr'>parte</span> <span class='ocrx_word' id='word_1_60' title='bbox 876 1112 1065 1194; x_wconf 86' lang='lat' dir='ltr'>transcripta</span> <span class='ocrx_word' id='word_1_61' title='bbox 1094 1111 1134 1174; x_wconf 89' lang='lat' dir='ltr'>ad</span> <span class='ocrx_word' id='word_1_62' title='bbox 1163 1110 1357 1194; x_wconf 90' lang='lat' dir='ltr'>Romanum,</span> 
     </span>
    </p>
   </div>
   <div class='ocr_carea' id='block_1_4' title="bbox 177 1217 1359 2686">
    <p class='ocr_par' dir='ltr' id='par_1_4' title="bbox 179 1217 1359 1726">
     <span class='ocr_line' id='line_1_9' title="bbox 181 1217 1357 1302; baseline 0 -21"><span class='ocrx_word' id='word_1_63' title='bbox 181 1219 238 1301; x_wconf 91' lang='lat' dir='ltr'>qui</span> <span class='ocrx_word' id='word_1_64' title='bbox 265 1237 283 1281; x_wconf 97' lang='grc'>1</span> <span class='ocrx_word' id='word_1_65' title='bbox 310 1217 512 1282; x_wconf 90' lang='lat' dir='ltr'>Palaemonis</span> <span class='ocrx_word' id='word_1_66' title='bbox 540 1219 740 1301; x_wconf 89' lang='lat' dir='ltr'>aliorumque</span> <span class='ocrx_word' id='word_1_67' title='bbox 768 1219 959 1301; x_wconf 88' lang='lat' dir='ltr'>scriptorum</span> <span class='ocrx_word' id='word_1_68' title='bbox 987 1219 1145 1302; x_wconf 81' lang='lat' dir='ltr'>exemplis</span> <span class='ocrx_word' id='word_1_69' title='bbox 1173 1218 1357 1282; x_wconf 89' lang='lat' dir='ltr'>breuiorem</span> 
     </span>
     <span class='ocr_line' id='line_1_10' title="bbox 180 1323 1356 1408; baseline -0.001 -20"><span class='ocrx_word' id='word_1_70' title='bbox 180 1325 447 1389; x_wconf 86' lang='lat' dir='ltr'>commentarium</span> <span class='ocrx_word' id='word_1_71' title='bbox 466 1324 652 1406; x_wconf 83' lang='lat' dir='ltr'>confecerat,</span> <span class='ocrx_word' id='word_1_72' title='bbox 676 1343 746 1389; x_wconf 88' lang='lat' dir='ltr'>sese</span> <span class='ocrx_word' id='word_1_73' title='bbox 766 1325 909 1388; x_wconf 87' lang='lat' dir='ltr'>contulit.</span> <span class='ocrx_word' id='word_1_74' title='bbox 930 1362 972 1370; x_wconf 88' lang='lat'>—-</span> <span class='ocrx_word' id='word_1_75' title='bbox 991 1323 1030 1387; x_wconf 92' lang='lat' dir='ltr'>In</span> <span class='ocrx_word' id='word_1_76' title='bbox 1054 1326 1184 1388; x_wconf 88' lang='lat' dir='ltr'>tertium</span> <span class='ocrx_word' id='word_1_77' title='bbox 1208 1331 1239 1388; x_wconf 89' lang='lat' dir='ltr'>et</span> <span class='ocrx_word' id='word_1_78' title='bbox 1258 1327 1356 1408; x_wconf 92' lang='lat' dir='ltr'>quin-</span> 
     </span>
     <span class='ocr_line' id='line_1_11' title="bbox 179 1429 1359 1523; baseline 0.003 -29"><span class='ocrx_word' id='word_1_79' title='bbox 179 1436 250 1523; x_wconf 82' lang='lat' dir='ltr'>tum</span> <span class='ocrx_word' id='word_1_80' title='bbox 271 1431 390 1494; x_wconf 89' lang='lat' dir='ltr'>librum</span> <span class='ocrx_word' id='word_1_81' title='bbox 408 1429 611 1496; x_wconf 84' lang='lat' dir='ltr'>Palaemonis</span> <span class='ocrx_word' id='word_1_82' title='bbox 634 1437 761 1495; x_wconf 88' lang='lat' dir='ltr'>tantum</span> <span class='ocrx_word' id='word_1_83' title='bbox 783 1431 878 1494; x_wconf 92' lang='lat' dir='ltr'>modo</span> <span class='ocrx_word' id='word_1_84' title='bbox 902 1437 1070 1515; x_wconf 89' lang='lat' dir='ltr'>praecepta</span> <span class='ocrx_word' id='word_1_85' title='bbox 1093 1433 1262 1496; x_wconf 82' lang='lat' dir='ltr'>transtulit.</span> <span class='ocrx_word' id='word_1_86' title='bbox 1305 1431 1359 1497; x_wconf 90' lang='lat' dir='ltr'>De</span> 
     </span>
     <span class='ocr_line' id='line_1_12' title="bbox 180 1537 1357 1622; baseline 0.003 -23"><span class='ocrx_word' id='word_1_87' title='bbox 180 1542 292 1618; x_wconf 89' lang='lat' dir='ltr'>quarto</span> <span class='ocrx_word' id='word_1_88' title='bbox 325 1537 421 1619; x_wconf 91' lang='lat' dir='ltr'>libro,</span> <span class='ocrx_word' id='word_1_89' title='bbox 455 1558 518 1621; x_wconf 94' lang='lat' dir='ltr'>quo</span> <span class='ocrx_word' id='word_1_90' title='bbox 548 1539 587 1602; x_wconf 91' lang='lat' dir='ltr'>de</span> <span class='ocrx_word' id='word_1_91' title='bbox 610 1539 813 1603; x_wconf 85' lang='lat' dir='ltr'>Palaemonis</span> <span class='ocrx_word' id='word_1_92' title='bbox 847 1538 992 1601; x_wconf 88' lang='lat' dir='ltr'>doctrina</span> <span class='ocrx_word' id='word_1_93' title='bbox 1024 1541 1168 1621; x_wconf 85' lang='lat' dir='ltr'>quaestio</span> <span class='ocrx_word' id='word_1_94' title='bbox 1201 1559 1268 1603; x_wconf 90' lang='lat' dir='ltr'>non</span> <span class='ocrx_word' id='word_1_95' title='bbox 1298 1545 1357 1622; x_wconf 89' lang='lat' dir='ltr'>est,</span> 
     </span>
     <span class='ocr_line' id='line_1_13' title="bbox 179 1644 565 1726; baseline 0 -19"><span class='ocrx_word' id='word_1_96' title='bbox 179 1644 330 1726; x_wconf 88' lang='lat' dir='ltr'>equidem</span> <span class='ocrx_word' id='word_1_97' title='bbox 354 1645 435 1707; x_wconf 92' lang='lat' dir='ltr'>nihil</span> <span class='ocrx_word' id='word_1_98' title='bbox 459 1646 565 1708; x_wconf 77' lang='lat' dir='ltr'>statui,</span> 
     </span>
    </p>

    <p class='ocr_par' dir='ltr' id='par_1_5' title="bbox 177 1749 1359 2686">
     <span class='ocr_line' id='line_1_14' title="bbox 269 1749 1357 1832; baseline 0.004 -20"><span class='ocrx_word' id='word_1_99' title='bbox 269 1750 378 1832; x_wconf 90' lang='lat' dir='ltr'>Atque</span> <span class='ocrx_word' id='word_1_100' title='bbox 401 1751 436 1812; x_wconf 93' lang='lat' dir='ltr'>in</span> <span class='ocrx_word' id='word_1_101' title='bbox 457 1749 676 1814; x_wconf 82' lang='lat' dir='ltr'>Charisianam</span> <span class='ocrx_word' id='word_1_102' title='bbox 699 1758 800 1815; x_wconf 89' lang='lat' dir='ltr'>artem</span> <span class='ocrx_word' id='word_1_103' title='bbox 822 1770 909 1815; x_wconf 89' lang='lat' dir='ltr'>nunc</span> <span class='ocrx_word' id='word_1_104' title='bbox 927 1750 1130 1815; x_wconf 89' lang='lat' dir='ltr'>incubiturus</span> <span class='ocrx_word' id='word_1_105' title='bbox 1153 1754 1188 1814; x_wconf 91' lang='lat' dir='ltr'>in</span> <span class='ocrx_word' id='word_1_106' title='bbox 1212 1753 1357 1816; x_wconf 88' lang='lat' dir='ltr'>eruenda</span> 
     </span>
     <span class='ocr_line' id='line_1_15' title="bbox 179 1857 1358 1942; baseline 0.002 -23"><span class='ocrx_word' id='word_1_107' title='bbox 179 1857 382 1939; x_wconf 90' lang='lat' dir='ltr'>singulorum</span> <span class='ocrx_word' id='word_1_108' title='bbox 411 1861 578 1920; x_wconf 89' lang='lat' dir='ltr'>auctorum</span> <span class='ocrx_word' id='word_1_109' title='bbox 609 1857 754 1920; x_wconf 89' lang='lat' dir='ltr'>doctrina</span> <span class='ocrx_word' id='word_1_110' title='bbox 776 1859 932 1940; x_wconf 77' lang='lat' dir='ltr'>maxima,</span> <span class='ocrx_word' id='word_1_111' title='bbox 963 1879 1028 1941; x_wconf 89' lang='lat' dir='ltr'>qua</span> <span class='ocrx_word' id='word_1_112' title='bbox 1049 1863 1159 1942; x_wconf 88' lang='lat' dir='ltr'>potero</span> <span class='ocrx_word' id='word_1_113' title='bbox 1184 1859 1358 1942; x_wconf 87' lang='lat' dir='ltr'>diligentia</span> 
     </span>
     <span class='ocr_line' id='line_1_16' title="bbox 177 1963 1358 2048; baseline 0.003 -23"><span class='ocrx_word' id='word_1_114' title='bbox 177 1967 252 2025; x_wconf 88' lang='lat' dir='ltr'>utar</span> <span class='ocrx_word' id='word_1_115' title='bbox 273 1964 332 2045; x_wconf 89' lang='lat' dir='ltr'>ita,</span> <span class='ocrx_word' id='word_1_116' title='bbox 363 1967 400 2026; x_wconf 90' lang='lat' dir='ltr'>ut</span> <span class='ocrx_word' id='word_1_117' title='bbox 421 1964 470 2026; x_wconf 92' lang='lat' dir='ltr'>ira</span> <span class='ocrx_word' id='word_1_118' title='bbox 493 1968 524 2027; x_wconf 89' lang='lat' dir='ltr'>et</span> <span class='ocrx_word' id='word_1_119' title='bbox 546 1963 652 2027; x_wconf 87' lang='lat' dir='ltr'>studio</span> <span class='ocrx_word' id='word_1_120' title='bbox 675 1984 799 2028; x_wconf 91' lang='lat' dir='ltr'>uacuus</span> <span class='ocrx_word' id='word_1_121' title='bbox 823 1965 1016 2046; x_wconf 72' lang='lat' dir='ltr'>discernam,</span> <span class='ocrx_word' id='word_1_122' title='bbox 1042 1984 1124 2048; x_wconf 90' lang='lat' dir='ltr'>quae</span> <span class='ocrx_word' id='word_1_123' title='bbox 1147 1967 1358 2029; x_wconf 89' lang='lat' dir='ltr'>uniuscuius-</span> 
     </span>
     <span class='ocr_line' id='line_1_17' title="bbox 180 2069 1358 2155; baseline 0.003 -23"><span class='ocrx_word' id='word_1_124' title='bbox 180 2087 243 2151; x_wconf 91' lang='lat' dir='ltr'>que</span> <span class='ocrx_word' id='word_1_125' title='bbox 275 2070 341 2132; x_wconf 89' lang='lat' dir='ltr'>sint</span> <span class='ocrx_word' id='word_1_126' title='bbox 372 2089 478 2154; x_wconf 87' lang='lat' dir='ltr'>neque</span> <span class='ocrx_word' id='word_1_127' title='bbox 509 2070 669 2154; x_wconf 81' lang='lat' dir='ltr'>abrogans</span> <span class='ocrx_word' id='word_1_128' title='bbox 700 2070 846 2135; x_wconf 89' lang='lat' dir='ltr'>Romano</span> <span class='ocrx_word' id='word_1_129' title='bbox 878 2075 935 2134; x_wconf 91' lang='lat' dir='ltr'>aut</span> <span class='ocrx_word' id='word_1_130' title='bbox 958 2069 1159 2154; x_wconf 86' lang='lat' dir='ltr'>Cominiano,</span> <span class='ocrx_word' id='word_1_131' title='bbox 1194 2092 1275 2155; x_wconf 91' lang='lat' dir='ltr'>quae</span> <span class='ocrx_word' id='word_1_132' title='bbox 1309 2075 1358 2137; x_wconf 90' lang='lat' dir='ltr'>eis</span> 
     </span>
     <span class='ocr_line' id='line_1_18' title="bbox 179 2175 1358 2263; baseline 0.006 -25"><span class='ocrx_word' id='word_1_133' title='bbox 179 2175 350 2259; x_wconf 82' lang='grc'><strong>1111111111,</strong></span> <span class='ocrx_word' id='word_1_134' title='bbox 383 2196 490 2261; x_wconf 89' lang='lat' dir='ltr'>neque</span> <span class='ocrx_word' id='word_1_135' title='bbox 512 2176 713 2258; x_wconf 73' lang='lat' dir='ltr'>Palaemoni,</span> <span class='ocrx_word' id='word_1_136' title='bbox 746 2198 828 2263; x_wconf 90' lang='lat' dir='ltr'>quae</span> <span class='ocrx_word' id='word_1_137' title='bbox 852 2180 922 2242; x_wconf 93' lang='lat' dir='ltr'>eius</span> <span class='ocrx_word' id='word_1_138' title='bbox 953 2197 1019 2241; x_wconf 91' lang='lat' dir='ltr'>non</span> <span class='ocrx_word' id='word_1_139' title='bbox 1052 2185 1128 2242; x_wconf 89' lang='lat' dir='ltr'>sunt</span> <span class='ocrx_word' id='word_1_140' title='bbox 1160 2179 1358 2245; x_wconf 89' lang='lat' dir='ltr'>adscribens.</span> 
     </span>
     <span class='ocr_line' id='line_1_19' title="bbox 178 2280 1359 2370; baseline 0.005 -26"><span class='ocrx_word' id='word_1_141' title='bbox 178 2280 293 2346; x_wconf 90' lang='lat' dir='ltr'>Denuo</span> <span class='ocrx_word' id='word_1_142' title='bbox 327 2286 428 2365; x_wconf 88' lang='lat' dir='ltr'>enim,</span> <span class='ocrx_word' id='word_1_143' title='bbox 462 2284 548 2367; x_wconf 92' lang='lat' dir='ltr'>quod</span> <span class='ocrx_word' id='word_1_144' title='bbox 580 2305 610 2347; x_wconf 90' lang='lat' dir='ltr'>u.</span> <span class='ocrx_word' id='word_1_145' title='bbox 636 2286 665 2352; x_wconf 90' lang='lat' dir='ltr'>d.</span> <span class='ocrx_word' id='word_1_146' title='bbox 694 2284 940 2349; x_wconf 84' lang='lat' dir='ltr'>Schottmueller</span> <span class='ocrx_word' id='word_1_147' title='bbox 970 2286 1006 2348; x_wconf 89' lang='lat' dir='ltr'>in</span> <span class='ocrx_word' id='word_1_148' title='bbox 1040 2284 1220 2349; x_wconf 80' lang='lat' dir='ltr'>Charisium</span> <span class='ocrx_word' id='word_1_149' title='bbox 1252 2307 1359 2370; x_wconf 89' lang='lat' dir='ltr'>nuper</span> 
     </span>
     <span class='ocr_line' id='line_1_20' title="bbox 177 2389 1357 2475; baseline 0.005 -24"><span class='ocrx_word' id='word_1_150' title='bbox 177 2389 198 2451; x_wconf 95' lang='lat' dir='ltr'>l.</span> <span class='ocrx_word' id='word_1_151' title='bbox 222 2390 242 2453; x_wconf 91' lang='grc'>1.</span> <span class='ocrx_word' id='word_1_152' title='bbox 266 2391 434 2472; x_wconf 91' lang='lat' dir='ltr'>inquirens</span> <span class='ocrx_word' id='word_1_153' title='bbox 457 2391 615 2453; x_wconf 90' lang='lat' dir='ltr'>nonnulla</span> <span class='ocrx_word' id='word_1_154' title='bbox 637 2411 704 2453; x_wconf 91' lang='lat' dir='ltr'>non</span> <span class='ocrx_word' id='word_1_155' title='bbox 729 2394 846 2475; x_wconf 85' lang='lat' dir='ltr'>tetigit,</span> <span class='ocrx_word' id='word_1_156' title='bbox 878 2392 941 2454; x_wconf 89' lang='lat' dir='ltr'>alia</span> <span class='ocrx_word' id='word_1_157' title='bbox 964 2395 1182 2474; x_wconf 85' lang='lat' dir='ltr'>grammaticis</span> <span class='ocrx_word' id='word_1_158' title='bbox 1215 2412 1251 2456; x_wconf 93' lang='lat' dir='ltr'>eo</span> <span class='ocrx_word' id='word_1_159' title='bbox 1275 2399 1357 2457; x_wconf 89' lang='grc'><strong>11111-</strong></span> 
     </span>
     <span class='ocr_line' id='line_1_21' title="bbox 178 2496 1357 2584; baseline 0.005 -25"><span class='ocrx_word' id='word_1_160' title='bbox 178 2514 254 2579; x_wconf 90' lang='lat' dir='ltr'>pore</span> <span class='ocrx_word' id='word_1_161' title='bbox 287 2497 432 2559; x_wconf 92' lang='lat' dir='ltr'>nondum</span> <span class='ocrx_word' id='word_1_162' title='bbox 464 2496 558 2579; x_wconf 88' lang='lat' dir='ltr'>plane</span> <span class='ocrx_word' id='word_1_163' title='bbox 591 2498 685 2560; x_wconf 90' lang='lat' dir='ltr'>editis</span> <span class='ocrx_word' id='word_1_164' title='bbox 718 2518 736 2559; x_wconf 89' lang='lat' dir='ltr'>a</span> <span class='ocrx_word' id='word_1_165' title='bbox 771 2497 877 2561; x_wconf 89' lang='lat' dir='ltr'>Keilio</span> <span class='ocrx_word' id='word_1_166' title='bbox 912 2497 1107 2582; x_wconf 86' lang='lat' dir='ltr'>inuestigare</span> <span class='ocrx_word' id='word_1_167' title='bbox 1143 2520 1210 2563; x_wconf 92' lang='lat' dir='ltr'>non</span> <span class='ocrx_word' id='word_1_168' title='bbox 1240 2503 1357 2584; x_wconf 89' lang='lat' dir='ltr'>potuit,</span> 
     </span>
     <span class='ocr_line' id='line_1_22' title="bbox 179 2603 630 2686; baseline 0.002 -20"><span class='ocrx_word' id='word_1_169' title='bbox 179 2603 323 2685; x_wconf 89' lang='lat' dir='ltr'>quaestio</span> <span class='ocrx_word' id='word_1_170' title='bbox 348 2603 552 2686; x_wconf 89' lang='lat' dir='ltr'>suscipienda</span> <span class='ocrx_word' id='word_1_171' title='bbox 575 2610 630 2668; x_wconf 89' lang='lat' dir='ltr'>est.</span> 
     </span>
    </p>
   </div>
   <div class='ocr_carea' id='block_1_5' title="bbox 659 2836 873 2846">
    <p class='ocr_par' dir='ltr' id='par_1_6' title="bbox 659 2836 873 2846">
     <span class='ocr_line' id='line_1_23' title="bbox 659 2836 873 2846; baseline 0.005 -2"><span class='ocrx_word' id='word_1_172' title='bbox 659 2836 873 2846; x_wconf 78' lang='lat'><em>--——-.—-</em></span> 
     </span>
    </p>
   </div>
   <div class='ocr_carea' id='block_1_6' title="bbox 289 3029 1246 3205">
    <p class='ocr_par' dir='ltr' id='par_1_7' title="bbox 289 3029 1246 3205">
     <span class='ocr_line' id='line_1_24' title="bbox 289 3029 1246 3121; baseline 0.004 -25"><span class='ocrx_word' id='word_1_173' title='bbox 289 3029 339 3097; x_wconf 91' lang='lat' dir='ltr'>Il.</span> <span class='ocrx_word' id='word_1_174' title='bbox 382 3031 434 3098; x_wconf 80' lang='lat' dir='ltr'>Ile</span> <span class='ocrx_word' id='word_1_175' title='bbox 458 3031 497 3121; x_wconf 71' lang='lat' dir='ltr'>Q.</span> <span class='ocrx_word' id='word_1_176' title='bbox 521 3031 681 3098; x_wconf 84' lang='lat' dir='ltr'>Remmil</span> <span class='ocrx_word' id='word_1_177' title='bbox 704 3030 933 3099; x_wconf 87' lang='lat' dir='ltr'>Palaemonls</span> <span class='ocrx_word' id='word_1_178' title='bbox 959 3032 1127 3101; x_wconf 79' lang='lat' dir='ltr'>doctrina</span> <span class='ocrx_word' id='word_1_179' title='bbox 1149 3034 1246 3119; x_wconf 87' lang='lat' dir='ltr'>apud</span> 
     </span>
     <span class='ocr_line' id='line_1_25' title="bbox 563 3137 969 3205; baseline -0.005 -1"><span class='ocrx_word' id='word_1_180' title='bbox 563 3137 768 3205; x_wconf 77' lang='lat' dir='ltr'>Charisium</span> <span class='ocrx_word' id='word_1_181' title='bbox 792 3140 969 3205; x_wconf 85' lang='lat' dir='ltr'>exstante.</span> 
     </span>
    </p>
   </div>
   <div class='ocr_carea' id='block_1_7' title="bbox 486 3299 1043 3374">
    <p class='ocr_par' dir='ltr' id='par_1_8' title="bbox 486 3299 1043 3374">
     <span class='ocr_line' id='line_1_26' title="bbox 486 3299 1043 3374; baseline 0.004 -14"><span class='ocrx_word' id='word_1_182' title='bbox 486 3299 526 3360; x_wconf 88' lang='lat' dir='ltr'>A.</span> <span class='ocrx_word' id='word_1_183' title='bbox 567 3304 618 3359; x_wconf 90' lang='lat' dir='ltr'>De</span> <span class='ocrx_word' id='word_1_184' title='bbox 641 3303 738 3359; x_wconf 68' lang='lat' dir='ltr'>libro⁴</span> <span class='ocrx_word' id='word_1_185' title='bbox 756 3305 900 3360; x_wconf 77' lang='lat' dir='ltr'>charisii</span> <span class='ocrx_word' id='word_1_186' title='bbox 922 3306 1043 3374; x_wconf 89' lang='lat' dir='ltr'>primo.</span> 
     </span>
    </p>
   </div>
   <div class='ocr_carea' id='block_1_8' title="bbox 166 3457 1357 4398">
    <p class='ocr_par' dir='ltr' id='par_1_9' title="bbox 166 3457 1357 4398">
     <span class='ocr_line' id='line_1_27' title="bbox 266 3457 1357 3541; baseline 0.006 -21"><span class='ocrx_word' id='word_1_187' title='bbox 266 3457 306 3520; x_wconf 89' lang='lat' dir='ltr'>In</span> <span class='ocrx_word' id='word_1_188' title='bbox 330 3457 548 3541; x_wconf 88' lang='lat' dir='ltr'>conquirenda</span> <span class='ocrx_word' id='word_1_189' title='bbox 572 3457 773 3522; x_wconf 89' lang='lat' dir='ltr'>Palaemonis</span> <span class='ocrx_word' id='word_1_190' title='bbox 802 3458 947 3522; x_wconf 88' lang='lat' dir='ltr'>doctrina</span> <span class='ocrx_word' id='word_1_191' title='bbox 974 3479 1049 3523; x_wconf 91' lang='lat' dir='ltr'>cum</span> <span class='ocrx_word' id='word_1_192' title='bbox 1072 3462 1246 3525; x_wconf 90' lang='lat' dir='ltr'>oriundum</span> <span class='ocrx_word' id='word_1_193' title='bbox 1269 3464 1312 3526; x_wconf 91' lang='lat' dir='ltr'>sit</span> <span class='ocrx_word' id='word_1_194' title='bbox 1335 3485 1357 3528; x_wconf 91' lang='lat' dir='ltr'>a</span> 
     </span>
     <span class='ocr_line' id='line_1_28' title="bbox 177 3563 1356 3651; baseline 0.005 -23"><span class='ocrx_word' id='word_1_195' title='bbox 177 3565 281 3628; x_wconf 91' lang='lat' dir='ltr'>tribus</span> <span class='ocrx_word' id='word_1_196' title='bbox 303 3563 368 3628; x_wconf 88' lang='lat' dir='ltr'>illis</span> <span class='ocrx_word' id='word_1_197' title='bbox 391 3564 564 3648; x_wconf 88' lang='lat' dir='ltr'>particulis,</span> <span class='ocrx_word' id='word_1_198' title='bbox 589 3585 670 3648; x_wconf 88' lang='lat' dir='ltr'>quas</span> <span class='ocrx_word' id='word_1_199' title='bbox 693 3584 735 3628; x_wconf 84' lang='lat' dir='ltr'>ex</span> <span class='ocrx_word' id='word_1_200' title='bbox 758 3567 828 3628; x_wconf 92' lang='lat' dir='ltr'>eius</span> <span class='ocrx_word' id='word_1_201' title='bbox 850 3565 930 3628; x_wconf 92' lang='lat' dir='ltr'>libro</span> <span class='ocrx_word' id='word_1_202' title='bbox 954 3585 989 3630; x_wconf 89' lang='grc'>11</span> <span class='ocrx_word' id='word_1_203' title='bbox 1012 3569 1248 3651; x_wconf 88' lang='lat' dir='ltr'>transcripsisse</span> <span class='ocrx_word' id='word_1_204' title='bbox 1272 3568 1356 3634; x_wconf 84' lang='lat' dir='ltr'>Cha-</span> 
     </span>
     <span class='ocr_line' id='line_1_29' title="bbox 176 3672 1355 3761; baseline 0.005 -27"><span class='ocrx_word' id='word_1_205' title='bbox 176 3672 275 3736; x_wconf 86' lang='lat' dir='ltr'>risius</span> <span class='ocrx_word' id='word_1_206' title='bbox 298 3672 366 3755; x_wconf 91' lang='lat' dir='ltr'>ipse</span> <span class='ocrx_word' id='word_1_207' title='bbox 389 3675 537 3735; x_wconf 88' lang='lat' dir='ltr'>testatur:</span> <span class='ocrx_word' id='word_1_208' title='bbox 561 3692 591 3755; x_wconf 91' lang='lat' dir='ltr'>p.</span> <span class='ocrx_word' id='word_1_209' title='bbox 616 3674 690 3753; x_wconf 83' lang='lat'>225,</span> <span class='ocrx_word' id='word_1_210' title='bbox 702 3673 874 3754; x_wconf 80' lang='lat'>5-229,2</span> <span class='ocrx_word' id='word_1_211' title='bbox 898 3673 938 3736; x_wconf 91' lang='lat' dir='ltr'>de</span> <span class='ocrx_word' id='word_1_212' title='bbox 962 3674 1204 3755; x_wconf 89' lang='lat' dir='ltr'>coniunctione;</span> <span class='ocrx_word' id='word_1_213' title='bbox 1228 3696 1257 3759; x_wconf 91' lang='lat' dir='ltr'>p.</span> <span class='ocrx_word' id='word_1_214' title='bbox 1277 3678 1355 3761; x_wconf 80' lang='lat'>231,</span> 
     </span>
     <span class='ocr_line' id='line_1_30' title="bbox 180 3778 1354 3866; baseline 0.003 -24"><span class='ocrx_word' id='word_1_215' title='bbox 180 3781 379 3860; x_wconf 79' lang='lat'>1-236,15</span> <span class='ocrx_word' id='word_1_216' title='bbox 411 3778 449 3841; x_wconf 93' lang='lat' dir='ltr'>de</span> <span class='ocrx_word' id='word_1_217' title='bbox 476 3780 726 3862; x_wconf 82' lang='lat' dir='ltr'>praepositione3</span> <span class='ocrx_word' id='word_1_218' title='bbox 755 3800 786 3863; x_wconf 92' lang='lat' dir='ltr'>p.</span> <span class='ocrx_word' id='word_1_219' title='bbox 810 3781 1033 3861; x_wconf 67' lang='grc'><strong>23113-21</strong></span> <span class='ocrx_word' id='word_1_220' title='bbox 1058 3780 1096 3843; x_wconf 91' lang='lat' dir='ltr'>de</span> <span class='ocrx_word' id='word_1_221' title='bbox 1119 3781 1354 3866; x_wconf 88' lang='lat' dir='ltr'>interiectione,</span> 
     </span>
     <span class='ocr_line' id='line_1_31' title="bbox 178 3885 1354 3973; baseline 0.003 -24"><span class='ocrx_word' id='word_1_222' title='bbox 178 3904 317 3969; x_wconf 88' lang='lat' dir='ltr'>cumque</span> <span class='ocrx_word' id='word_1_223' title='bbox 336 3885 465 3949; x_wconf 85' lang='lat' dir='ltr'>dicendi</span> <span class='ocrx_word' id='word_1_224' title='bbox 484 3885 683 3968; x_wconf 88' lang='lat' dir='ltr'>docendique</span> <span class='ocrx_word' id='word_1_225' title='bbox 702 3885 904 3950; x_wconf 88' lang='lat' dir='ltr'>Palaemonis</span> <span class='ocrx_word' id='word_1_226' title='bbox 922 3887 1003 3949; x_wconf 89' lang='lat' dir='ltr'>ratio</span> <span class='ocrx_word' id='word_1_227' title='bbox 1022 3888 1216 3970; x_wconf 87' lang='lat' dir='ltr'>permultum</span> <span class='ocrx_word' id='word_1_228' title='bbox 1234 3888 1354 3973; x_wconf 87' lang='lat' dir='ltr'>ualeat,</span> 
     </span>
     <span class='ocr_line' id='line_1_32' title="bbox 177 3991 1354 4077; baseline 0.003 -21"><span class='ocrx_word' id='word_1_229' title='bbox 177 3995 206 4057; x_wconf 91' lang='lat' dir='ltr'>si</span> <span class='ocrx_word' id='word_1_230' title='bbox 230 3993 372 4077; x_wconf 88' lang='lat' dir='ltr'>quaeris,</span> <span class='ocrx_word' id='word_1_231' title='bbox 408 3991 563 4075; x_wconf 88' lang='lat' dir='ltr'>quidnam</span> <span class='ocrx_word' id='word_1_232' title='bbox 593 3993 710 4073; x_wconf 90' lang='lat' dir='ltr'>ineis,</span> <span class='ocrx_word' id='word_1_233' title='bbox 744 4013 824 4076; x_wconf 91' lang='lat' dir='ltr'>quas</span> <span class='ocrx_word' id='word_1_234' title='bbox 848 3993 917 4056; x_wconf 77' lang='lat' dir='ltr'>dixi</span> <span class='ocrx_word' id='word_1_235' title='bbox 949 3994 1116 4077; x_wconf 89' lang='lat' dir='ltr'>particulis</span> <span class='ocrx_word' id='word_1_236' title='bbox 1147 3995 1182 4057; x_wconf 90' lang='grc'>11</span> <span class='ocrx_word' id='word_1_237' title='bbox 1215 3995 1354 4060; x_wconf 90' lang='lat' dir='ltr'>dicendo</span> 
     </span>
     <span class='ocr_line' id='line_1_33' title="bbox 176 4091 1353 4185; baseline 0.003 -22"><span class='ocrx_word' id='word_1_238' title='bbox 176 4100 378 4183; x_wconf 87' lang='lat' dir='ltr'>grammatici</span> <span class='ocrx_word' id='word_1_239' title='bbox 410 4099 574 4182; x_wconf 91' lang='lat' dir='ltr'>proprium</span> <span class='ocrx_word' id='word_1_240' title='bbox 606 4100 656 4180; x_wconf 89' lang='lat' dir='ltr'>sit,</span> <span class='ocrx_word' id='word_1_241' title='bbox 688 4100 792 4182; x_wconf 93' lang='lat' dir='ltr'>primo</span> <span class='ocrx_word' id='word_1_242' title='bbox 823 4101 894 4163; x_wconf 90' lang='lat' dir='ltr'>loco</span> <span class='ocrx_word' id='word_1_243' title='bbox 925 4091 1048 4164; x_wconf 81' lang='lat' dir='ltr'>‘uelut&#39;</span> <span class='ocrx_word' id='word_1_244' title='bbox 1081 4101 1163 4164; x_wconf 92' lang='lat' dir='ltr'>illud</span> <span class='ocrx_word' id='word_1_245' title='bbox 1198 4104 1353 4185; x_wconf 88' lang='lat' dir='ltr'>posueris.</span> 
     </span>
     <span class='ocr_line' id='line_1_34' title="bbox 177 4205 1355 4291; baseline 0.004 -22"><span class='ocrx_word' id='word_1_246' title='bbox 177 4207 361 4271; x_wconf 91' lang='lat' dir='ltr'>Palaemoni</span> <span class='ocrx_word' id='word_1_247' title='bbox 389 4206 476 4269; x_wconf 91' lang='lat' dir='ltr'>enim</span> <span class='ocrx_word' id='word_1_248' title='bbox 504 4224 541 4270; x_wconf 91' lang='lat' dir='ltr'>ea</span> <span class='ocrx_word' id='word_1_249' title='bbox 567 4205 723 4288; x_wconf 92' lang='lat' dir='ltr'>loquendi</span> <span class='ocrx_word' id='word_1_250' title='bbox 750 4206 946 4271; x_wconf 87' lang='lat' dir='ltr'>consuetudo</span> <span class='ocrx_word' id='word_1_251' title='bbox 970 4212 1030 4290; x_wconf 87' lang='lat' dir='ltr'>est,</span> <span class='ocrx_word' id='word_1_252' title='bbox 1058 4211 1096 4270; x_wconf 89' lang='lat' dir='ltr'>ut</span> <span class='ocrx_word' id='word_1_253' title='bbox 1118 4209 1273 4291; x_wconf 89' lang='lat' dir='ltr'>exemplis</span> <span class='ocrx_word' id='word_1_254' title='bbox 1296 4216 1355 4274; x_wconf 88' lang='lat' dir='ltr'>aut</span> 
     </span>
     <span class='ocr_line' id='line_1_35' title="bbox 166 4306 1354 4398; baseline 0.007 -24"><span class='ocrx_word' id='word_1_255' title='bbox 166 4333 188 4375; x_wconf 86' lang='lat' dir='ltr'>a</span> <span class='ocrx_word' id='word_1_256' title='bbox 209 4312 427 4396; x_wconf 81' lang='lat' dir='ltr'>scriptoribus</span> <span class='ocrx_word' id='word_1_257' title='bbox 451 4314 563 4398; x_wconf 88' lang='lat' dir='ltr'>petitis</span> <span class='ocrx_word' id='word_1_258' title='bbox 591 4318 647 4376; x_wconf 89' lang='lat' dir='ltr'>aut</span> <span class='ocrx_word' id='word_1_259' title='bbox 674 4312 714 4376; x_wconf 88' lang='lat' dir='ltr'>ab</span> <span class='ocrx_word' id='word_1_260' title='bbox 741 4313 812 4396; x_wconf 93' lang='lat' dir='ltr'>ipso</span> <span class='ocrx_word' id='word_1_261' title='bbox 839 4313 924 4378; x_wconf 87' lang='lat' dir='ltr'>fictis</span> <span class='ocrx_word' id='word_1_262' title='bbox 946 4306 1069 4377; x_wconf 85' lang='lat' dir='ltr'>‘uelut’</span> <span class='ocrx_word' id='word_1_263' title='bbox 1092 4316 1354 4382; x_wconf 89' lang='lat' dir='ltr'>coniunctionem</span> 
     </span>
    </p>
   </div>
   <div class='ocr_carea' id='block_1_9' title="bbox 0 0 1530 4958">
    <p class='ocr_par' dir='ltr' id='par_1_10' title="bbox 0 0 1530 4958">
     <span class='ocr_line' id='line_1_36' title="bbox 0 0 1530 4958; baseline 0 0"><span class='ocrx_word' id='word_1_264' title='bbox 0 0 1530 4958; x_wconf 95' lang='lat' dir='ltr'> </span> 
     </span>
    </p>
   </div>
  </div>
 </body>
</html>
