3052 4958
704 301 922 364 ,32-

220 479 270 540 111
293 476 441 560 palantur
466 480 633 560 praecepta
661 476 745 560 apud
771 479 995 561 grammaticos
1024 478 1163 562 primum
1190 478 1290 561 larga,
1318 475 1396 541 dein

219 585 322 668 magis
345 584 512 666 magisque
534 583 719 664 imminuta,
745 583 822 648 dnm
846 585 988 668 denique
1012 584 1155 648 doctrina
1178 603 1214 648 eo
1237 586 1397 668 peruenit,

219 692 312 754 utin
335 691 601 774 interrogationes
625 695 657 754 et
679 692 901 774 responsiones
925 691 1076 757 dissoluta
1108 693 1149 755 sit
1171 693 1396 776 ineptissimas.

201 798 418 862 'Palaemonis
450 799 551 882 igitur
583 819 633 862 ars
663 800 754 881 quasi
783 800 885 862 amnis
912 799 973 862 fuit
1000 818 1056 882 per
1082 804 1209 882 pratum
1234 799 1397 882 quoddam

218 906 281 969 late
304 905 403 987 fusus,
431 925 448 969 e
478 925 539 989 quo
567 907 633 969 riui
659 905 823 989 riuulique
852 907 1075 971 deriuarentur
1102 908 1237 969 sescenti
1264 925 1398 990 percur-

218 1017 323 1076 rentes
351 1033 428 1076 arua
454 1012 750 1097 fecunditatemque
781 1014 968 1096 adferentes,
1002 1015 1161 1098 quidquid
1194 1014 1397 1096 attingerent.

219 1119 319 1183 Cuius
343 1120 473 1202 quidem
497 1120 600 1183 amnis
622 1120 753 1184 fuerunt
774 1120 892 1185 fluctus
915 1123 1002 1203 tales,
1032 1141 1112 1205 quos
1139 1123 1207 1205 ipse
1233 1118 1399 1183 Charisius

218 1227 304 1290 haud
328 1228 453 1291 modice
476 1229 544 1291 sine
568 1227 665 1291 dubio
690 1229 844 1292 sermonis
867 1228 974 1292 Latini
1001 1246 1107 1292 amore
1131 1232 1241 1310 captus
1264 1247 1398 1311 magna-

222 1355 284 1419 que
306 1337 483 1399 instructus
507 1336 699 1400 adsiduitate
722 1336 956 1400 transcribendi
978 1335 1193 1420 patientiaque
1216 1353 1281 1397 non
1300 1336 1396 1399 modo

218 1462 284 1506 non
317 1447 492 1527 superaret,
525 1443 581 1506 sed
613 1444 731 1527 periret
762 1443 860 1507 undis
892 1445 983 1507 uelut
1016 1443 1128 1526 capitis
1155 1441 1243 1505 illius
1270 1440 1336 1504 XV
1364 1447 1393 1504 et

219 1551 399 1635 analogiae3
431 1570 626 1633 quamquam
651 1551 707 1614 1111
729 1552 823 1633 eique
852 1552 984 1634 plurimi
1007 1549 1228 1613 transnatandi
1250 1568 1292 1612 ne
1313 1551 1395 1633 peri-

220 1658 329 1720 culum
352 1659 386 1721 id
411 1657 541 1741 quidem
562 1658 713 1749 fecerunt.
752 1656 857 1734 Quare
879 1677 996 1722 uerum
1019 1660 1076 1740 est,
1096 1655 1182 1738 quod
1201 1674 1297 1738 supra
1317 1655 1395 1736 dixi,

218 1763 421 1828 Palaemonis
450 1766 510 1828 arti
533 1765 664 1849 perinde
688 1765 844 1829 accidisse
867 1785 905 1828 ac
927 1763 1036 1828 Verrii
1064 1769 1096 1827 et
1119 1763 1256 1827 aliorum
1278 1762 1397 1825 multo-

218 1873 385 1936 rumeins
413 1872 500 1935 modi
525 1872 625 1953 libris,
654 1877 692 1935 ut
718 1871 964 1955 insequentibus
992 1873 1139 1953 saeculis,
1168 1869 1285 1954 quibus
1315 1870 1397 1952 quid

219 1985 333 2043 natura
359 1980 528 2062 uirtusque
550 1978 682 2042 Latinae
708 1979 840 2063 linguae
868 1984 961 2060 esset,
992 1998 1056 2042 non
1084 1980 1148 2041 iam
1177 1976 1397 2061 perciperetur

220 2087 469 2170 disciplinaeque
501 2088 725 2170 grammaticae
758 2087 1002 2168 occalescerent,
1035 2087 1260 2150 distraheretur
1294 2087 1395 2167 atque

219 2174 442 2277 discerperetur
474 2195 594 2257 relictis
627 2195 681 2270 eis,
715 2214 798 2277 quae
829 2196 865 2256 11
897 2194 1032 2257 istorum
1064 2194 1233 2257 hominum
1262 2191 1396 2274 ingenia

219 2301 458 2364 conueniebant.
506 2303 613 2385 Atque
644 2303 723 2365 haec
755 2302 824 2385 ipsa
854 2301 916 2364 fuit
948 2320 1058 2385 causa,
1092 2301 1179 2384 quod
1206 2298 1396 2362 Remmiaua

219 2428 270 2471 ars
297 2408 415 2471 tradita
443 2427 506 2471 non
534 2414 581 2472 est
608 2411 787 2473 memoriae.
834 2408 917 2473 Nam
946 2429 1019 2472 cunr
1043 2413 1172 2493 propter
1194 2407 1395 2471 ieiunitatem

218 2518 430 2598 posteriorum
453 2521 629 2598 temporum
654 2517 971 2600 imbecillitatemque
994 2537 1045 2580 ars
1063 2517 1119 2579 illa
1138 2514 1266 2598 excerpi
1285 2518 1395 2596 coepta

220 2628 303 2686 esset
324 2622 497 2704 libellique,
526 2622 636 2703 quales
660 2626 917 2708 conscripserunt
939 2623 1111 2686 Dositheus
1140 2626 1308 2705 excerptor
1329 2619 1391 2698 alii,

220 2731 410 2792 exsisterent
433 2730 639 2814 grammatici,
663 2728 802 2794 Remmii
825 2738 902 2813 arte,
926 2751 1007 2814 quae
1031 2736 1113 2794 esset
1131 2730 1266 2813 amplior
1283 2727 1387 2791 altius·

221 2856 283 2920 que
305 2842 473 2920 repeteret,
496 2835 643 2900 submota
665 2838 767 2901 libelli
789 2839 843 2902 isti
866 2839 1039 2901 eruditioni
1066 2838 1317 2921 disciplinaeque
1339 2831 1390 2894 de-

220 2945 329 3007 stinati
357 2951 441 3007 sunt.
492 2944 606 3027 Itaque
631 2947 779 3027 quamuis
797 2946 898 3008 multa
922 2945 978 3008 tali
1004 2945 1100 3008 modo
1129 2949 1256 3008 seruata
1283 2943 1348 3006 sint
1375 2961 1394 3002 a

218 3053 433 3136 grammaticis
454 3052 693 3134 posterioribus,
720 3059 830 3116 tamen
853 3052 1055 3115 Palaemonis
1078 3071 1138 3133 ars,
1162 3051 1266 3134 qualis
1288 3048 1392 3128 fuerit,

218 3159 343 3222 restitui
370 3178 547 3242 numquam
573 3160 701 3242 poterit,
733 3159 797 3221 nisi
823 3158 903 3222 forte
931 3157 1073 3222 Fortuna
1104 3158 1264 3239 inciderit,
1296 3161 1334 3219 ut
1360 3155 1395 3217 in

219 3266 426 3330 bibliothecae
449 3266 584 3329 alicuius
612 3265 744 3328 latibulo
773 3267 850 3328 artis
877 3266 965 3330 illius
993 3265 1155 3349 exemplar
1177 3265 1230 3328 uel
1258 3284 1277 3326 a
1300 3264 1396 3326 tineis

219 3374 368 3436 adrasum
391 3373 602 3455 obrutumque
624 3373 754 3456 puluere
778 3373 1036 3456 deprehendattu.
1074 3371 1166 3448 Quod
1189 3377 1329 3455 tempora
1351 3370 1396 3432 fe-

217 3482 323 3543 liciter
344 3484 478 3543 uertant.
525 3478 587 3542 Sed
610 3482 773 3544 mittamus
795 3501 882 3544 nunc
904 3482 991 3562 haec,
1021 3480 1060 3544 de
1084 3480 1201 3563 quibus
1226 3477 1352 3562 quando
1378 3495 1396 3539 e

218 3587 351 3671 reliquis
374 3587 588 3670 grammaticis
611 3587 831 3652 Remmianam
862 3589 1038 3651 doctrinam
1067 3587 1242 3650 conlectam
1264 3584 1397 3648 habebi-

218 3715 298 3777 mus,
330 3695 446 3758 melius
477 3694 558 3756 ferre
588 3697 764 3778 poterimus
796 3695 967 3775 iudicium,
1002 3694 1170 3759 tendamus
1203 3692 1244 3757 ad
1277 3711 1321 3773 ea,
1356 3693 1396 3754 de

220 3802 337 3885 quibus
360 3803 459 3865 utin
487 3802 571 3864 calce
599 3802 694 3866 huius
723 3803 946 3887 disputationis
975 3803 1173 3882 dissererem,
1200 3801 1397 3885 propositum

218 3911 297 3973 mihi
325 3915 379 3973 est.

699 4110 912 4117 ψ
