3052 4958
694 266 912 327 -46-

212 443 432 506 anctoritatem
455 462 544 505 suam
567 441 702 505 Charisii
725 444 853 505 inscitia
871 443 1139 525 neglegentiaque
1159 441 1257 506 deleri
1274 462 1389 526 passus

211 553 266 611 est.
322 547 485 631 Equidem
518 568 591 610 oum
623 549 658 612 id
690 550 899 630 inuenissem,
935 549 1038 612 faeere
1070 569 1135 612 non
1166 551 1271 632 potui,
1305 551 1388 632 quin

210 654 397 719 Palaemoni
422 675 462 719 ex
482 656 582 718 animi
605 657 763 719 sententia
781 657 966 739 gratularer.
999 657 1111 739 Atque
1128 657 1277 739 profecto,
1297 657 1389 739 qnod

210 763 371 844 professus
396 769 442 826 est
465 762 652 826 Palaemon:
682 764 796 826 titulus
823 764 878 826 ille
905 764 939 824 in
965 765 1066 826 nostri
1095 765 1207 846 eapitis
1229 763 1389 846 particula

209 889 239 951 p.
259 871 310 951 52,
330 873 459 951 2-53,
480 873 521 933 26
548 870 649 931 multo
672 870 800 933 uberior
823 872 968 933 occurrit.
1014 869 1086 933 Hoo
1109 890 1213 932 unum
1236 889 1313 933 uero
1337 890 1388 932 ar-

209 983 400 1056 gumentum
423 977 559 1040 sufficiet
583 976 623 1040 ad
647 976 919 1061 comprobandum
948 978 1045 1040 huius
1069 979 1182 1060 eapitis
1205 983 1388 1057 auctorem3

210 1082 265 1144 sed
289 1083 451 1147 adduntur
474 1085 544 1148 alia.
1266 1160 1269 1167 ¹

298 1189 444 1254 Primum
470 1194 566 1273 enim,
590 1211 672 1275 quae
696 1193 730 1253 in
751 1192 911 1274 prooemio
935 1212 964 1274 p.
985 1192 1037 1267 50,
1049 1192 1220 1272 8-51,ao
1243 1192 1389 1256 indicata

210 1302 258 1359 est
282 1297 416 1361 docendi
448 1300 529 1361 ratio
559 1318 616 1382 per
647 1303 752 1361 totum
781 1304 891 1381 eaput
909 1299 1078 1361 obseruata
1111 1304 1165 1362 est.
1212 1298 1390 1362 Profitetur

209 1405 293 1466 enim
324 1407 551 1487 grammaticus
581 1426 611 1488 p.
636 1408 687 1487 51,
707 1408 741 1469 δι
774 1399 996 1468 ‘Consuetudo
1028 1425 1093 1468 non
1121 1411 1189 1468 arte
1217 1407 1389 1489 analogiae

209 1510 264 1573 sed
288 1512 414 1575 uiribus
437 1533 495 1595 par
518 1518 578 1594 est,
605 1513 678 1576 ideo
703 1514 806 1575 solum
830 1519 970 1595 recepta,
1001 1512 1088 1595 quod
1111 1513 1285 1576 multorum
1308 1532 1388 1575 oon-

208 1619 356 1683 sensione
380 1621 554 1700 conualuit,
573 1623 617 1682 ita
639 1625 746 1682 tamen
770 1625 806 1683 ut
829 1620 878 1682 illi
900 1621 981 1682 ratio
1005 1638 1071 1682 non
1094 1619 1230 1701 aoeedat,
1254 1619 1311 1682 sed
1335 1621 1387 1682 in-

209 1725 339 1807 dulgeat
355 1775 361 1788 .
377 1776 406 1790 ..
450 1726 502 1788 Ex
525 1726 575 1788 his
599 1745 674 1808 ergo
699 1725 848 1788 omnibus
876 1726 931 1808 (so.
956 1726 1135 1789 oratoribus
1159 1729 1228 1790 siue
1251 1728 1388 1810 scripto-

206 1830 308 1915 ribus)
332 1833 529 1895 consnetudo
553 1852 617 1895 non
641 1833 720 1895 haee
738 1833 882 1915 uulgaris
901 1853 960 1896 nee
979 1833 1108 1896 sordida
1126 1834 1307 1916 recipienda
1328 1840 1388 1915 est,

207 1938 264 2001 sed
288 1958 372 2022 quae
393 1940 602 2003 horridiorem
627 1941 782 2002 rationem
808 1959 886 2002 sono
911 1940 1076 2003 blandiore
1096 1941 1240 2024 depellat.
1258 1938 1260 1943 ’
1277 1939 1386 2004 Inter·

208 2045 284 2109 dnm
312 2048 397 2109 enim
428 2046 560 2110 utilibus
588 2047 731 2109 ineunda
758 2048 898 2129 gratiora
926 2054 1017 2125 sunt,
1052 2046 1228 2110 adsiduitas
1252 2052 1284 2110 et
1307 2067 1387 2111 oon—

206 2155 342 2217 suetudo
376 2154 476 2218 uerba
509 2154 668 2237 quaedam
700 2156 751 2217 uel
782 2156 914 2217 nomina
942 2173 1048 2236 usque
1077 2153 1117 2216 ad
1140 2156 1386 2237 persuasionem
1439 2212 1441 2216 Α

206 2264 406 2344 proprietatis
425 2262 592 2343 sufficient,
612 2263 638 2324 si
658 2266 764 2325 tamen
784 2262 894 2324 eadem
914 2281 979 2324 non
999 2280 1108 2344 aspere
1126 2281 1183 2343 per
1202 2261 1386 2344 analogiam

206 2371 430 2448 enuntientur,
470 2369 615 2450 alioquin
652 2370 810 2431 rationem
846 2368 973 2430 mallem
1012 2387 1111 2450 quam
1148 2367 1385 2433 adsiduitatem.

204 2474 421 2538 Tractabimus
441 2494 514 2558 ergo
534 2477 674 2557 primum
697 2474 900 2556 polusyllaba
919 2474 1263 2558 polusyllaborumque
1283 2496 1386 2558 quae-

205 2581 338 2662 stiones,
378 2581 493 2644 deinde
531 2581 632 2643 uerba
668 2580 910 2662 uerborumque
948 2584 1164 2662 quaestiones,
1206 2584 1387 2647 nouissime

205 2688 360 2750 catholica
383 2708 478 2769 naga,
508 2707 590 2770 quae
621 2687 795 2749 multarum
826 2690 1119 2750 controuersiarum
1142 2695 1282 2752 ueterem
1306 2690 1385 2752 oali-

204 2795 312 2877 ginem
337 2789 511 2878 dissipent?
534 2833 575 2840 —-
601 2795 753 2857 Promisit
782 2796 882 2878 igitar
910 2800 1020 2857 auotor
1042 2797 1212 2878 prooemii:
1243 2797 1384 2880 primam

205 2921 238 2964 se
266 2903 420 2965 rationem
450 2903 739 2980 substentatnrum3
774 2901 831 2964 ubi
860 2907 967 2964 tamen
999 2904 1080 2980 ratio
1109 2902 1269 2965 horridior
1296 2909 1383 2968 esset

205 3010 445 3091 consuetudine,
465 3009 662 3072 consuetudo
683 3011 780 3071 etiam
804 3009 903 3072 uerba
921 3009 1087 3091 praeberet
1105 3028 1183 3072 sono
1202 3009 1384 3092 blandiora,

204 3120 271 3178 ium
300 3120 489 3180 necessitate
518 3116 657 3198 quadam
686 3115 950 3178 consuetudinem
977 3117 1032 3178 uel
1059 3117 1279 3179 auctoritatem
1310 3135 1383 3180 sese

203 3225 467 3306 praeposituram.
513 3223 629 3304 Neque
653 3231 758 3283 tamen
788 3221 888 3285 uerba
916 3221 955 3284 ab
980 3224 1166 3285 auctoritate
1188 3224 1285 3305 petita
1308 3241 1381 3305 per-

204 3349 296 3393 uerse
327 3350 383 3412 per
416 3331 596 3412 analogiam
633 3329 794 3390 enuntiari
826 3328 954 3410 debere,
988 3331 1105 3412 quippe
1140 3349 1224 3412 qnae
1256 3331 1382 3392 ratione

203 3439 334 3500 dimissa
364 3436 404 3499 ab
432 3437 619 3499 arroteritate
650 3435 780 3499 sufferta
811 3440 925 3500 assent.
972 3434 1098 3511 Quibus
1126 3439 1232 3499 statim
1262 3437 1379 3500 addam

202 3537 318 3607 ‘uerba
349 3543 588 3626 uerborumque
622 3537 840 3625 quaestiones³
873 3544 908 3605 in
940 3543 1000 3605 hoo
1033 3549 1126 3626 eaput
1155 3551 1282 3627 recepta
1308 3562 1378 3606 non

203 3671 270 3715 esse
304 3672 322 3713 a
355 3649 506 3713 Charisio.
561 3651 701 3732 Reliqua
732 3655 852 3732 tamen,
891 3651 1041 3733 quamuis
1077 3650 1234 3732 doctrina,
1266 3669 1376 3713 rernm

202 3759 313 3821 ordine
337 3758 529 3842 perturbato,
553 3759 668 3820 misere
686 3758 833 3820 mutilata
856 3757 908 3838 sit,
932 3776 987 3839 per
1007 3762 1103 3840 eaput
1120 3758 1272 3840 persequi
1290 3756 1377 3819 licet.

200 3867 240 3928 In
263 3869 368 3950 priore
397 3867 481 3929 enim
505 3865 616 3947 eapitis
642 3869 731 3947 parte
758 3865 889 3926 nomina
916 3863 1117 3946 polusyllaba
1146 3866 1165 3926 i.
1190 3883 1215 3927 e.
1243 3862 1377 3945 regulae

200 3975 365 4056 generales
389 3975 529 4035 marinae
551 3974 792 4055 perlustrantur,
813 3970 934 4052 quibus
955 3973 1169 4053 quaestiones,
1190 3989 1271 4053 quas
1291 3969 1378 4032 dixit

199 4083 435 4163 grammaticus,
463 4081 685 4143 adnectuntur.
731 4077 769 4139 ln
791 4078 965 4160 posteriore
989 4086 1096 4140 autem
1119 4082 1208 4160 parte
1230 4075 1377 4157 singulo-

200 4210 273 4253 rum
305 4191 497 4272 soriptorum
529 4187 706 4250 sententiae
740 4203 776 4246 ae
811 4184 939 4246 dicendi
971 4205 1058 4266 usus,
1096 4185 1249 4247 catholica
1280 4202 1377 4266 uaga,

199 4317 285 4378 qnae
312 4300 425 4358 iiooata
448 4300 531 4376 sunt,
553 4294 766 4376 proferuntur.
804 4291 921 4374 Itaque
945 4295 1100 4375 quoniam
1122 4292 1322 4374 prooemium
1343 4297 1377 4354 et
