3052 4958
653 252 867 315 „80-

171 431 262 494 rendi
294 449 410 514 genere
440 430 609 492 euincitur.
667 428 832 492 Permulta
859 430 954 492 etiam
987 429 1072 512 apud
1101 427 1277 491 Charisium
1314 429 1349 489 in

171 537 265 619 VIII,
288 536 352 618 IX,
375 535 410 599 X
432 535 506 598 libri
528 535 561 598 H
585 535 743 618 capitibus
767 541 798 598 et
820 537 856 597 in
878 534 928 597 Ill
951 535 1033 598 libro
1062 542 1242 598 occurrunt.
1291 537 1349 598 At-

173 663 236 727 que
265 643 350 726 quod
378 645 414 705 in
441 644 528 707 hunc
557 644 819 705 commentarium
846 642 945 721 ualet,
971 642 1007 704 id
1035 644 1129 705 etiam
1158 642 1198 705 ad
1222 660 1352 705 omnem

173 752 368 834 excerptoris
402 749 577 812 doctrinam
610 750 753 832 pertinet.
801 748 864 811 Ubi
895 750 981 811 enim
1005 755 1180 833 excerptor,
1204 750 1259 831 qui
1282 748 1350 832 ple-

172 876 310 939 rumque
333 857 432 919 uerbo
455 857 521 920 fere
549 862 644 919 tenus
668 856 810 919 Charisio
840 856 1022 939 respondet,
1049 857 1225 940 pleniorem
1252 877 1351 939 quam

172 964 227 1027 ille
251 964 428 1026 doctrinam
451 962 594 1045 praebet,
624 962 671 1025 ibi
698 962 888 1026 Remmiana
910 964 998 1045 origo
1022 969 1078 1026 aut
1101 983 1118 1026 e
1143 964 1266 1027 dicendi
1295 969 1354 1026 aut

173 1091 190 1134 e
215 1071 348 1133 docendi
371 1071 494 1132 ratione
516 1069 608 1131 facile
633 1070 798 1152 detegitur.
844 1070 989 1149 Accedit,
1013 1069 1099 1152 quod
1123 1075 1154 1133 et
1175 1068 1353 1133 Diomedes

174 1184 205 1242 et
231 1176 402 1240 Dositheus
433 1196 543 1239 eorum
570 1177 729 1239 nonnulla
756 1183 976 1240 seruauerunt.
1024 1175 1137 1259 ltaque
1166 1176 1204 1238 de
1233 1177 1294 1238 hac
1317 1196 1354 1238 re

173 1285 266 1368 plura
288 1283 387 1347 uerba
410 1282 513 1346 facere
536 1285 635 1346 mitto.
681 1282 858 1366 Excerptor
888 1303 964 1347 uero
989 1302 1053 1345 non
1081 1284 1188 1366 inepte
1215 1303 1232 1345 e
1255 1282 1353 1346 Rom-

173 1392 289 1454 mianis
313 1393 411 1474 copiis
438 1395 606 1474 praecepta
634 1411 692 1452 sua
721 1391 815 1473 elegit
843 1393 1035 1472 maioreque,
1068 1409 1164 1471 quam
1188 1387 1355 1453 Charisius

174 1500 208 1560 in
233 1497 473 1561 transcribendo
502 1499 625 1560 ratione
654 1517 733 1560 usus
762 1502 815 1575 est.
862 1497 946 1560 Nam
970 1499 1030 1560 etsi
1054 1497 1256 1579 singularum
1279 1517 1355 1578 par-

174 1605 346 1668 ticularum
369 1604 570 1667 Palaemonis
599 1603 743 1666 ordinem
766 1624 831 1666 non
855 1605 1001 1686 retinuit,
1032 1610 1139 1666 tamen
1161 1596 1355 1686 plerumque

175 1712 350 1774 doctrinam
374 1716 446 1795 apte
470 1713 607 1792 digessit.
655 1712 765 1792 Atque
789 1714 844 1792 eis,
869 1732 952 1794 quae
976 1711 1114 1792 tradidit,
1133 1729 1244 1774 ansam
1263 1729 1355 1791 prae-

174 1818 229 1880 bet
246 1818 450 1900 praecipuam
469 1818 690 1898 cognoscendi,
716 1838 779 1899 qua
798 1816 960 1881 Charisius
979 1818 1214 1881 transcribendi
1232 1819 1357 1880 ratione

174 1943 254 1986 usus
277 1925 325 1987 sit.
373 1922 586 1986 Vehementer
609 1929 715 1986 autem
740 1926 1030 1988 commiserandum
1054 1931 1114 2007 est,
1142 1925 1227 2008 quod
1250 1927 1356 1986 nomi-

175 2049 255 2092 num
286 2031 513 2113 pronominum
546 2031 720 2094 uerbcrum
752 2033 975 2094 tantummodo
1009 2032 1184 2095 doctrinam
1218 2050 1357 2112 eamque

175 2155 380 2220 nequaquam
401 2137 528 2219 plenam
553 2141 681 2222 accepit.
727 2138 810 2201 Nam
835 2159 909 2201 cum
932 2141 1114 2202 accuratius
1132 2158 1150 2201 e
1168 2138 1256 2200 fonte
1275 2138 1356 2200 hau-

175 2245 253 2307 serit
275 2264 381 2326 neque
405 2264 566 2327 nusquam
589 2246 676 2308 locos
700 2267 719 2307 a.
739 2246 930 2308 Palaemone
952 2246 1097 2309 laudatos
1116 2266 1190 2308 cunr
1210 2243 1355 2307 Charisio

176 2371 241 2413 non
272 2351 500 2434 repudiauerit,
539 2357 729 2434 argumenta
765 2353 889 2415 offerret
921 2352 975 2415 uel
1012 2354 1151 2414 maxime
1185 2333 1355 2435 perspicua

177 2457 415 2520 demonstrandi
440 2461 579 2522 auctoris
605 2459 803 2540 eruendique
827 2460 948 2521 ordinis
968 2479 987 2520 a
1005 2458 1151 2522 Remmio
1175 2460 1322 2521 instituti.

266 2776 355 2840 Haec
379 2784 426 2840 est
453 2780 551 2861 igitur
575 2780 720 2860 quinque
749 2781 1041 2860 grammaticorum.
1072 2781 1129 2861 qui
1153 2778 1353 2841 Palaemonis

178 2905 204 2946 ar
214 2889 277 2947 tem
300 2890 555 2967 usurpauerunt:
589 2885 722 2948 Charisii
752 2888 947 2967 excerptoris
970 2884 1115 2949 Dosithei
1137 2885 1273 2947 Romani
1298 2884 1356 2947 Oc-

177 2992 312 3054 miniani
337 2992 488 3057 doctrina.
537 2992 681 3068 Quorum
705 2993 847 3054 omnium
872 2994 1010 3074 primum
1033 2993 1142 3056 locum
1165 2997 1253 3056 tenet
1277 2991 1358 3055 Cha-

178 3100 293 3175 risius;
337 3101 377 3161 ad
402 3120 494 3182 quem
521 3103 547 3162 si
573 3101 624 3162 cui
650 3100 727 3180 qnid
752 3098 790 3162 de
813 3099 1000 3162 Remmiana
1028 3100 1173 3162 doctrina
1196 3101 1359 3182 conligere

178 3205 304 3285 libebit,
341 3209 455 3288 utique
487 3206 687 3269 redeundum
728 3212 782 3268 est.
828 3245 865 3250 —-
906 3205 967 3269 Sed
1003 3226 1084 3289 quae
1117 3214 1164 3270 est
1193 3206 1356 3270 doctrina!

178 3310 307 3374 Etenim
338 3315 401 3374 nisi
428 3313 592 3375 leuissima
621 3317 716 3394 atque
744 3314 823 3394 ipsis
852 3313 1100 3395 accommodata,
1129 3314 1285 3376 rationem
1308 3312 1354 3374 di-

180 3419 287 3493 cendi,
316 3420 398 3481 nihil
427 3419 492 3481 iere
521 3419 774 3501 adsumpserunt.
822 3418 884 3482 Sed
907 3439 947 3481 ne
970 3421 1047 3481 haec
1071 3420 1201 3501 quidem
1232 3424 1285 3482 aut
1306 3420 1356 3480 in-

178 3529 267 3605 tegre
291 3531 346 3586 aut
368 3525 514 3588 funditus
539 3528 638 3589 eiecta
661 3532 716 3590 est.
763 3524 922 3600 Quattuor
945 3528 1029 3588 euim
1053 3527 1109 3587 isti
1130 3532 1256 3608 praeter
1280 3525 1359 3588 Cha-

178 3632 292 3693 risium
313 3634 512 3714 grammatici
535 3620 592 3695 uix
612 3633 757 3695 umbram
778 3634 919 3713 rationis,
941 3653 1037 3714 quam
1054 3634 1131 3715 dixi,
1145 3635 1356 3696 retinuerunt.

180 3737 341 3801 Charisius
375 3744 480 3801 autem
514 3742 573 3801 etsi
610 3746 732 3822 partem
766 3742 834 3802 eius
871 3741 957 3802 haud
989 3741 1185 3803 mediocrem
1216 3737 1359 3817 tradidit,

179 3849 286 3907 tamen
310 3846 370 3906 alia
393 3845 552 3928 permulta
576 3846 613 3908 ab
639 3867 675 3909 eo
699 3849 919 3929 praetermissa
942 3848 1003 3909 alia
1022 3847 1149 3910 turbata
1173 3865 1240 3910 esse
1263 3865 1361 3928 supra

179 3951 329 4014 uidimus.
387 3952 479 4027 Quod
512 3955 546 4014 in
584 3955 833 4037 praepositiones
866 3955 1020 4034 maxime,
1057 3956 1091 4015 in
1120 3952 1284 4031 aduerbia,
1323 3952 1361 4012 in

180 4060 432 4141 coniunctiones,
459 4062 494 4122 in
522 4061 759 4124 interiectiones
789 4061 880 4122 cadit.
935 4058 1035 4123 Porro
1067 4059 1195 4123 dicendi
1223 4077 1361 4121 consue-

179 4165 270 4247 tudo,
305 4186 386 4249 quae
421 4172 469 4229 est
502 4169 691 4249 scriptorum
725 4187 870 4249 prorsus,
902 4167 996 4249 plane
1027 4167 1093 4230 fere
1125 4167 1270 4250 neglecta
1303 4172 1360 4228 est.

179 4272 358 4355 Supersunt
399 4294 519 4356 paucae
560 4275 715 4356 reliquiae
756 4275 790 4334 in
832 4275 933 4357 capite
974 4274 1050 4336 libri
1091 4273 1187 4356 primi
1220 4271 1285 4335 XV
1330 4278 1363 4334 et
