3052 4958
673 284 893 346 ..38-

199 464 340 526 doctrina
364 467 436 545 apte
460 461 613 524 cohaeret.
650 460 713 524 Vel
736 461 811 524 inde
835 465 866 524 et
890 459 1043 542 quoniam
1067 461 1234 540 excerptor
1256 476 1285 540 p.
1301 458 1376 535 551,

199 572 338 634 32-38
372 568 497 631 easdem
532 568 660 650 regulas
694 568 806 631 eodem
839 567 949 629 ordine
983 566 1165 648 occupauit,
1198 562 1377 626 Charisinm

129 698 134 706 ·
197 696 262 738 non
285 677 319 737 in
343 675 443 738 alium
466 694 503 737 ac
522 673 725 737 Palaemonis
747 673 867 736 librrmr
889 674 1070 756 inspexisse
1094 672 1273 736 concludas.
1312 671 1378 733 Ac-

199 782 295 864 cedit,
329 782 416 864 quod
449 781 487 844 dc
519 781 616 844 huius
650 781 762 864 capitis
796 781 939 843 doctrina
972 780 1153 842 accuratius
1183 799 1220 841 ac
1250 778 1380 861 plenius

198 890 384 972 eisdemque
406 889 471 951 fere
494 887 604 950 uerbis
628 908 656 970 p.
680 890 751 968 155,
765 889 905 951 10--21
930 887 964 949 in
987 885 1191 949 Palaemonis
1215 903 1380 948 commen-

198 998 289 1078 tario,
315 1016 411 1078 quem
437 995 590 1076 deinceps
615 995 798 1074 dissoluero,
823 995 1018 1077 disputatum
1041 998 1095 1056 est.

288 1103 390 1185 Caput
413 1101 496 1166 XIV
519 1122 547 1184 p.
573 1102 808 1181 38,1-50,6,
833 1103 885 1164 cui
907 1093 974 1164 ‘De
993 1101 1202 1163 nominatiuis
1221 1099 1262 1162 ad
1279 1118 1380 1182 regu-

199 1210 263 1272 lam
286 1203 438 1273 redactis'
461 1209 576 1271 titulus
600 1212 655 1288 est,
680 1227 721 1271 ex
744 1207 870 1270 duobus
893 1208 1118 1290 grammaticis,
1143 1226 1279 1289 quorum
1298 1207 1383 1269 alter

196 1316 370 1380 Palaemon
400 1320 495 1397 esset,
529 1320 675 1378 coactum
707 1333 776 1378 esse
809 1313 1052 1378 Schottmneller
1085 1335 1113 1396 p.
1144 1316 1182 1376 19
1213 1313 1380 1376 iudicauit

197 1425 291 1506 eique
315 1428 415 1486 certas
445 1422 599 1504 quasdam
622 1423 795 1504 particulas
818 1427 946 1505 propter
969 1413 1090 1484 ‘uelut'
1115 1421 1379 1484 coniunctionem

197 1530 317 1593 tribuit.
365 1529 425 1592 Cui
453 1529 597 1611 opinioni
625 1530 729 1590 statim
759 1528 793 1591 id
821 1529 994 1592 obiecerim
1025 1527 1182 1591 nonmdla
1214 1546 1378 1590 commen-

196 1638 270 1699 tarii
292 1641 461 1720 praecepta
490 1639 556 1698 arte
584 1653 708 1697 conexa
737 1636 900 1717 particulis
928 1635 1001 1717 illis,
1036 1655 1115 1717 quas
1147 1635 1230 1696 dixit
1253 1632 1381 1698 8011011-

196 1743 340 1824 mueller,
369 1743 485 1806 excisis
515 1742 610 1823 plane
634 1741 730 1822 diripi
753 1761 791 1803 ac
815 1741 978 1804 dilacerari
1008 1743 1143 1823 uerique
1173 1741 1378 1804 similitudini

197 1869 327 1932 prorsus
354 1869 543 1932 repugnare,
577 1847 664 1930 qnod
692 1849 815 1929 statuis,
847 1854 1017 1932 praecepta
1050 1849 1106 1910 illa
1137 1853 1203 1910 tam
1235 1853 1307 1931 apte
1339 1868 1382 1912 ex

199 1956 324 2019 dnobus
348 1956 565 2039 granrmaticis
594 1959 743 2017 contexta
773 1956 875 2018 uideri
899 1976 918 2018 a
943 1955 1097 2018 CharisioL
1143 1953 1243 2017 Miror
1260 1960 1381 2025 autem,

199 2062 285 2144 qnod
308 2064 361 2124 uir
384 2063 496 2125 doctus
520 2063 554 2123 in
574 2061 632 2124 hoc
656 2081 722 2124 nou
743 2062 882 2141 offendit,
908 2062 995 2145 quod
1019 2064 1194 2125 nonnullae
1219 2081 1381 2124 commen-

196 2169 270 2231 tarii
293 2170 433 2252 regulae,
458 2171 483 2232 si
507 2189 573 2231 non
596 2170 709 2233 eodem
733 2189 859 2232 conexu
882 2175 990 2233 tamen
1015 2171 1133 2233 eisdem
1158 2170 1316 2253 exemplis
1342 2189 1380 2232 ac

196 2276 262 2338 fere
294 2277 402 2340 uerbis
433 2279 468 2339 in
500 2275 720 2360 superioribus
754 2275 912 2359 capitibus
944 2277 1084 2358 prolatae
1117 2282 1194 2339 sunt
1226 2281 1257 2339 et
1290 2276 1380 2358 quod

197 2389 308 2446 auctor
331 2384 372 2446 ad
391 2403 436 2465 ea,
461 2404 544 2466 quae
563 2404 660 2466 snpra
678 2384 872 2463 tractauerit,
896 2389 1002 2466 aperte
1020 2403 1079 2446 nos
1097 2383 1238 2448 remittit.
1270 2381 1376 2457 Quam

195 2491 230 2551 in
254 2509 322 2551 rem
346 2489 488 2552 conferas
512 2490 626 2552 uelim:
650 2511 679 2572 p.
705 2492 756 2570 38,
774 2491 1123 2570 1-8:28,12-15;
1145 2492 1375 2570 38,12-17:

197 2597 249 2675 25,
262 2598 413 2678 15-253
434 2598 485 2675 38,
499 2597 869 2679 18-21126,11-24;
890 2598 941 2676 38,
952 2598 1212 2678 22-39,5:29,
1223 2597 1359 2659 25-27
1368 2619 1376 2663 2

196 2702 609 2782 40,13--16129,2-7;
630 2704 1375 2785 nt,1-15:19,15-20‚17;narn-23:

196 2809 369 2884 23,1-7;
391 2810 917 2890 42,22-28:33,25—34,103
938 2812 1376 2891 44‚21-3o:21,8-17;

196 2917 586 2997 46,1-10;24,1-18;
608 2918 660 2991 48,
675 2918 1028 2998 1-16:28,17-21;
1047 2919 1138 2980 item:
1164 2938 1192 3000 p.
1209 2918 1376 2998 39‚1:3n,

197 3023 253 3102 213
275 3025 525 3105 42,22:‘33,25.
571 3025 616 3085 At
638 3024 698 3086 hae
721 3025 896 3105 particulae
919 3025 1034 3106 partim
1058 3043 1165 3087 earum
1192 3029 1275 3106 sunt,
1294 3045 1377 3107 qrras

196 3128 440 3194 Schottmueller
463 3151 560 3213 supra
579 3130 761 3192 Palaemoni
785 3131 962 3214 adscripsit,
985 3133 1020 3193 in
1043 3135 1150 3193 nostro
1174 3151 1252 3195 uero
1272 3133 1376 3214 capite

196 3234 236 3297 ab
261 3255 298 3298 eo
323 3236 527 3300 abiudicanit.
567 3235 660 3310 Quod
679 3237 750 3299 uiro
775 3236 867 3300 docto
892 3236 1045 3300 accidisse
1068 3237 1196 3301 uidetur
1218 3256 1263 3320 ec,
1288 3239 1375 3321 quod

195 3343 229 3404 in
258 3343 475 3425 superioribus
504 3342 662 3425 capitibus
690 3335 814 3406 ‘uelut'
833 3323 1030 3407 coniunctio
1059 3345 1213 3427 exemplis
1240 3364 1375 3428 praepo-

195 3450 268 3525 sita,
300 3450 333 3510 in
366 3450 426 3512 hoc
459 3452 685 3512 commentario
718 3452 836 3514 omissa
869 3457 923 3514 est.
974 3452 1019 3515 At
1049 3452 1273 3514 Palaemonem
1307 3471 1373 3514 non

195 3575 320 3639 semper
347 3548 470 3618 ‘uelut'
504 3557 729 3620 coniunctione
761 3578 857 3621 usum
890 3578 958 3621 esse
991 3561 1067 3621 satis
1099 3578 1288 3642 persuasum
1317 3557 1374 3620 ha-

194 3662 317 3726 bemus.
364 3663 436 3726 Hoc
460 3667 566 3725 autem
589 3668 685 3745 caput
708 3685 727 3726 a
749 3664 942 3728 Palaemone
966 3671 1070 3728 ortum
1095 3683 1162 3728 csse
1186 3669 1218 3728 et
1236 3684 1253 3729 e
1273 3663 1374 3728 disse·

194 3768 287 3831 rendi
311 3771 434 3832 ratione
457 3775 488 3833 et
512 3789 529 3832 c
556 3770 635 3833 locis
664 3771 737 3853 illis,
767 3791 847 3853 quos
875 3773 1006 3853 contuli,
1038 3772 1261 3855 intellegimus.
1309 3770 1373 3836 Sed

196 3874 358 3940 Charisius
382 3896 487 3960 neque
507 3876 651 3940 ordinem
670 3899 688 3941 a
707 3878 896 3942 Palaemone
914 3881 1097 3942 institutum
1116 3880 1247 3941 retinuit
1265 3897 1373 3961 nequo

194 3983 321 4066 plenam
345 3985 473 4046 omnino
499 3984 677 4048 doctrinam
699 3986 826 4068 recepit.
873 3985 957 4048 llam
982 3987 1062 4068 quin
1084 3987 1145 4049 hoc
1170 4003 1298 4068 quoque
1320 4004 1373 4048 oa-

194 4094 253 4172 put
283 4093 366 4154 sicut
397 4090 431 4153 X
462 4091 640 4154 litterarum
673 4098 704 4156 et
741 4093 943 4175 singularum
980 4094 1229 4156 declinationum
1262 4092 1374 4154 ordine

195 4196 354 4279 digestum
382 4198 490 4281 fuerit,
523 4199 662 4262 dubitari
696 4200 826 4262 omnino
859 4218 923 4261 non
955 4204 1058 4282 potest
1087 4205 1118 4262 et
1145 4219 1187 4263 ex
1215 4201 1375 4282 excerptis

187 4325 220 4384 p.
247 4306 322 4386 537,
341 4307 379 4368 15
400 4326 464 4385 sqq.
489 4306 523 4368 id
546 4305 760 4370 confirmatur.
808 4305 971 4369 Charisius
995 4312 1100 4370 autem
1125 4325 1244 4390 paucas
1268 4308 1374 4381 nomi·
