<?xml version="1.0" encoding="UTF-8"?>
<!DOCTYPE html PUBLIC "-//W3C//DTD XHTML 1.0 Transitional//EN"
    "http://www.w3.org/TR/xhtml1/DTD/xhtml1-transitional.dtd">
<html xmlns="http://www.w3.org/1999/xhtml" xml:lang="en" lang="en">
 <head>
  <title>
</title>
<meta http-equiv="Content-Type" content="text/html;charset=utf-8" />
  <meta name='ocr-system' content='tesseract 3.04.00' />
  <meta name='ocr-capabilities' content='ocr_page ocr_carea ocr_par ocr_line ocrx_word'/>
</head>
<body>
  <div class='ocr_page' id='page_1' title='image "./deqremmiipalaem00marsgoog_0040.png"; bbox 0 0 3052 4958; ppageno 0'>
   <div class='ocr_carea' id='block_1_1' title="bbox 654 522 876 582">
    <p class='ocr_par' dir='ltr' id='par_1_1' title="bbox 654 522 876 582">
     <span class='ocr_line' id='line_1_1' title="bbox 654 522 876 582; baseline -0.005 -16"><span class='ocrx_word' id='word_1_1' title='bbox 654 522 876 582; x_wconf 77' lang='grc'>-35-</span> 
     </span>
    </p>
   </div>
   <div class='ocr_carea' id='block_1_2' title="bbox 170 697 1349 4412">
    <p class='ocr_par' dir='ltr' id='par_1_2' title="bbox 170 697 1349 1421">
     <span class='ocr_line' id='line_1_2' title="bbox 171 697 1347 784; baseline -0.005 -20"><span class='ocrx_word' id='word_1_2' title='bbox 171 701 259 784; x_wconf 88' lang='lat' dir='ltr'>quod</span> <span class='ocrx_word' id='word_1_3' title='bbox 282 701 439 784; x_wconf 81' lang='lat' dir='ltr'>plurimae</span> <span class='ocrx_word' id='word_1_4' title='bbox 462 718 514 762; x_wconf 90' lang='lat' dir='ltr'>res</span> <span class='ocrx_word' id='word_1_5' title='bbox 536 698 657 762; x_wconf 91' lang='lat' dir='ltr'>eisdem</span> <span class='ocrx_word' id='word_1_6' title='bbox 676 697 784 760; x_wconf 90' lang='lat' dir='ltr'>uerbis</span> <span class='ocrx_word' id='word_1_7' title='bbox 804 698 980 779; x_wconf 86' lang='lat' dir='ltr'>eodemque</span> <span class='ocrx_word' id='word_1_8' title='bbox 999 697 1110 760; x_wconf 81' lang='lat' dir='ltr'>ordine</span> <span class='ocrx_word' id='word_1_9' title='bbox 1134 697 1219 779; x_wconf 89' lang='lat' dir='ltr'>apud</span> <span class='ocrx_word' id='word_1_10' title='bbox 1239 714 1347 760; x_wconf 87' lang='lat' dir='ltr'>excer-</span> 
     </span>
     <span class='ocr_line' id='line_1_3' title="bbox 170 803 1348 890; baseline -0.001 -20"><span class='ocrx_word' id='word_1_11' title='bbox 170 812 293 890; x_wconf 89' lang='lat' dir='ltr'>ptorem</span> <span class='ocrx_word' id='word_1_12' title='bbox 311 811 528 887; x_wconf 73' lang='lat' dir='ltr'>reuertuntur,</span> <span class='ocrx_word' id='word_1_13' title='bbox 553 805 642 888; x_wconf 90' lang='lat' dir='ltr'>quod</span> <span class='ocrx_word' id='word_1_14' title='bbox 661 823 737 867; x_wconf 91' lang='lat' dir='ltr'>casu</span> <span class='ocrx_word' id='word_1_15' title='bbox 755 804 874 868; x_wconf 88' lang='lat' dir='ltr'>factum</span> <span class='ocrx_word' id='word_1_16' title='bbox 895 823 963 866; x_wconf 88' lang='lat' dir='ltr'>esso</span> <span class='ocrx_word' id='word_1_17' title='bbox 982 803 1067 865; x_wconf 89' lang='lat' dir='ltr'>haud</span> <span class='ocrx_word' id='word_1_18' title='bbox 1087 804 1181 883; x_wconf 76' lang='lat' dir='ltr'>dices,</span> <span class='ocrx_word' id='word_1_19' title='bbox 1205 805 1265 866; x_wconf 90' lang='lat' dir='ltr'>nisi</span> <span class='ocrx_word' id='word_1_20' title='bbox 1288 805 1348 869; x_wconf 92' lang='lat' dir='ltr'>hoc</span> 
     </span>
     <span class='ocr_line' id='line_1_4' title="bbox 173 909 1347 998; baseline -0.003 -21"><span class='ocrx_word' id='word_1_21' title='bbox 173 932 304 998; x_wconf 89' lang='lat' dir='ltr'>quoque</span> <span class='ocrx_word' id='word_1_22' title='bbox 327 914 397 975; x_wconf 90' lang='lat' dir='ltr'>loco</span> <span class='ocrx_word' id='word_1_23' title='bbox 421 915 543 976; x_wconf 77' lang='lat' dir='ltr'>statues</span> <span class='ocrx_word' id='word_1_24' title='bbox 567 912 803 993; x_wconf 75' lang='lat' dir='ltr'>conspiratione</span> <span class='ocrx_word' id='word_1_25' title='bbox 828 911 964 993; x_wconf 87' lang='lat' dir='ltr'>quadam</span> <span class='ocrx_word' id='word_1_26' title='bbox 989 916 1020 974; x_wconf 89' lang='lat' dir='ltr'>et</span> <span class='ocrx_word' id='word_1_27' title='bbox 1044 931 1062 972; x_wconf 90' lang='lat' dir='ltr'>a</span> <span class='ocrx_word' id='word_1_28' title='bbox 1087 909 1229 973; x_wconf 84' lang='lat' dir='ltr'>Charisio</span> <span class='ocrx_word' id='word_1_29' title='bbox 1254 916 1285 975; x_wconf 89' lang='lat' dir='ltr'>et</span> <span class='ocrx_word' id='word_1_30' title='bbox 1308 911 1347 974; x_wconf 90' lang='lat' dir='ltr'>ab</span> 
     </span>
     <span class='ocr_line' id='line_1_5' title="bbox 172 1017 1348 1103; baseline -0.003 -19"><span class='ocrx_word' id='word_1_31' title='bbox 172 1025 359 1103; x_wconf 87' lang='lat' dir='ltr'>excerptore</span> <span class='ocrx_word' id='word_1_32' title='bbox 377 1018 513 1081; x_wconf 86' lang='lat' dir='ltr'>frustula</span> <span class='ocrx_word' id='word_1_33' title='bbox 531 1017 594 1098; x_wconf 74' lang='lat' dir='ltr'>itta,</span> <span class='ocrx_word' id='word_1_34' title='bbox 615 1017 699 1099; x_wconf 90' lang='lat' dir='ltr'>apud</span> <span class='ocrx_word' id='word_1_35' title='bbox 719 1018 818 1079; x_wconf 88' lang='lat' dir='ltr'>aliurn</span> <span class='ocrx_word' id='word_1_36' title='bbox 837 1019 1083 1100; x_wconf 81' lang='lat' dir='ltr'>grammaticum</span> <span class='ocrx_word' id='word_1_37' title='bbox 1103 1017 1253 1098; x_wconf 81' lang='lat' dir='ltr'>dispersa,</span> <span class='ocrx_word' id='word_1_38' title='bbox 1274 1037 1348 1080; x_wconf 90' lang='lat' dir='ltr'>cou-</span> 
     </span>
     <span class='ocr_line' id='line_1_6' title="bbox 172 1122 1349 1208; baseline -0.002 -19"><span class='ocrx_word' id='word_1_39' title='bbox 172 1128 254 1191; x_wconf 89' lang='lat' dir='ltr'>lecta</span> <span class='ocrx_word' id='word_1_40' title='bbox 279 1132 375 1208; x_wconf 88' lang='lat' dir='ltr'>atque</span> <span class='ocrx_word' id='word_1_41' title='bbox 397 1126 457 1188; x_wconf 91' lang='lat' dir='ltr'>heo</span> <span class='ocrx_word' id='word_1_42' title='bbox 485 1124 596 1187; x_wconf 91' lang='lat' dir='ltr'>ordine</span> <span class='ocrx_word' id='word_1_43' title='bbox 624 1125 709 1186; x_wconf 92' lang='lat' dir='ltr'>inter</span> <span class='ocrx_word' id='word_1_44' title='bbox 731 1122 933 1186; x_wconf 75' lang='lat' dir='ltr'>Palaemonis</span> <span class='ocrx_word' id='word_1_45' title='bbox 958 1124 1135 1186; x_wconf 82' lang='lat' dir='ltr'>doctrinam</span> <span class='ocrx_word' id='word_1_46' title='bbox 1163 1124 1349 1205; x_wconf 85' lang='lat' dir='ltr'>interposita</span> 
     </span>
     <span class='ocr_line' id='line_1_7' title="bbox 173 1229 1347 1313; baseline -0.004 -15"><span class='ocrx_word' id='word_1_47' title='bbox 173 1254 250 1298; x_wconf 88' lang='lat' dir='ltr'>esse.</span> <span class='ocrx_word' id='word_1_48' title='bbox 299 1233 445 1296; x_wconf 81' lang='lat' dir='ltr'>Oetemm</span> <span class='ocrx_word' id='word_1_49' title='bbox 478 1237 596 1313; x_wconf 87' lang='lat' dir='ltr'>quanto</span> <span class='ocrx_word' id='word_1_50' title='bbox 625 1230 765 1313; x_wconf 89' lang='lat' dir='ltr'>periculo</span> <span class='ocrx_word' id='word_1_51' title='bbox 795 1229 1041 1294; x_wconf 80' lang='lat' dir='ltr'>Schottmueiler</span> <span class='ocrx_word' id='word_1_52' title='bbox 1067 1229 1159 1292; x_wconf 88' lang='lat' dir='ltr'>illum</span> <span class='ocrx_word' id='word_1_53' title='bbox 1191 1230 1347 1293; x_wconf 88' lang='lat' dir='ltr'>delectum</span> 
     </span>
     <span class='ocr_line' id='line_1_8' title="bbox 174 1337 835 1421; baseline -0.011 -17"><span class='ocrx_word' id='word_1_54' title='bbox 174 1340 236 1404; x_wconf 90' lang='lat' dir='ltr'>sibi</span> <span class='ocrx_word' id='word_1_55' title='bbox 258 1340 414 1420; x_wconf 73' lang='lat' dir='ltr'>habuerit,</span> <span class='ocrx_word' id='word_1_56' title='bbox 437 1338 532 1421; x_wconf 89' lang='lat' dir='ltr'>paulo</span> <span class='ocrx_word' id='word_1_57' title='bbox 556 1343 628 1420; x_wconf 91' lang='lat' dir='ltr'>post</span> <span class='ocrx_word' id='word_1_58' title='bbox 650 1337 835 1399; x_wconf 87' lang='lat' dir='ltr'>uiderimus.</span> 
     </span>
    </p>

    <p class='ocr_par' dir='ltr' id='par_1_3' title="bbox 171 1442 1349 3984">
     <span class='ocr_line' id='line_1_9' title="bbox 260 1442 1348 1528; baseline 0 -21"><span class='ocrx_word' id='word_1_59' title='bbox 260 1447 384 1510; x_wconf 81' lang='lat' dir='ltr'>Verum</span> <span class='ocrx_word' id='word_1_60' title='bbox 413 1464 493 1508; x_wconf 89' lang='lat' dir='ltr'>caue</span> <span class='ocrx_word' id='word_1_61' title='bbox 520 1450 612 1528; x_wconf 89' lang='lat' dir='ltr'>putes</span> <span class='ocrx_word' id='word_1_62' title='bbox 641 1442 821 1506; x_wconf 82' lang='lat' dir='ltr'>Charisium</span> <span class='ocrx_word' id='word_1_63' title='bbox 844 1442 1046 1507; x_wconf 83' lang='lat' dir='ltr'>Palaemonis</span> <span class='ocrx_word' id='word_1_64' title='bbox 1076 1444 1114 1505; x_wconf 92' lang='lat' dir='ltr'>de</span> <span class='ocrx_word' id='word_1_65' title='bbox 1138 1443 1348 1507; x_wconf 81' lang='lat' dir='ltr'>declinatione</span> 
     </span>
     <span class='ocr_line' id='line_1_10' title="bbox 171 1551 1347 1634; baseline -0.003 -17"><span class='ocrx_word' id='word_1_66' title='bbox 171 1555 340 1617; x_wconf 87' lang='lat' dir='ltr'>nominum</span> <span class='ocrx_word' id='word_1_67' title='bbox 365 1553 542 1616; x_wconf 89' lang='lat' dir='ltr'>doctrinam</span> <span class='ocrx_word' id='word_1_68' title='bbox 566 1551 694 1634; x_wconf 90' lang='lat' dir='ltr'>plenam</span> <span class='ocrx_word' id='word_1_69' title='bbox 718 1556 813 1633; x_wconf 88' lang='lat' dir='ltr'>atque</span> <span class='ocrx_word' id='word_1_70' title='bbox 835 1551 992 1634; x_wconf 84' lang='lat' dir='ltr'>integram</span> <span class='ocrx_word' id='word_1_71' title='bbox 1015 1551 1047 1612; x_wconf 91' lang='lat' dir='ltr'>in</span> <span class='ocrx_word' id='word_1_72' title='bbox 1067 1551 1128 1614; x_wconf 94' lang='lat' dir='ltr'>hoc</span> <span class='ocrx_word' id='word_1_73' title='bbox 1147 1556 1243 1632; x_wconf 89' lang='lat' dir='ltr'>caput</span> <span class='ocrx_word' id='word_1_74' title='bbox 1261 1569 1347 1614; x_wconf 89' lang='lat' dir='ltr'>rece-</span> 
     </span>
     <span class='ocr_line' id='line_1_11' title="bbox 171 1657 1347 1746; baseline -0.004 -21"><span class='ocrx_word' id='word_1_75' title='bbox 171 1663 265 1746; x_wconf 88' lang='lat' dir='ltr'>pisse.</span> <span class='ocrx_word' id='word_1_76' title='bbox 312 1659 388 1722; x_wconf 88' lang='lat' dir='ltr'>Alia</span> <span class='ocrx_word' id='word_1_77' title='bbox 411 1661 496 1722; x_wconf 90' lang='lat' dir='ltr'>enim</span> <span class='ocrx_word' id='word_1_78' title='bbox 519 1659 741 1742; x_wconf 72' lang='lat' dir='ltr'>praetermisit,</span> <span class='ocrx_word' id='word_1_79' title='bbox 769 1658 831 1720; x_wconf 92' lang='lat' dir='ltr'>alia</span> <span class='ocrx_word' id='word_1_80' title='bbox 860 1659 895 1720; x_wconf 93' lang='lat' dir='ltr'>in</span> <span class='ocrx_word' id='word_1_81' title='bbox 918 1658 1019 1720; x_wconf 90' lang='lat' dir='ltr'>alium</span> <span class='ocrx_word' id='word_1_82' title='bbox 1042 1657 1150 1719; x_wconf 92' lang='lat' dir='ltr'>locum</span> <span class='ocrx_word' id='word_1_83' title='bbox 1178 1658 1347 1738; x_wconf 74' lang='lat' dir='ltr'>transtulit,</span> 
     </span>
     <span class='ocr_line' id='line_1_12' title="bbox 171 1765 1348 1850; baseline -0.004 -19"><span class='ocrx_word' id='word_1_84' title='bbox 171 1769 205 1831; x_wconf 88' lang='lat' dir='ltr'>id</span> <span class='ocrx_word' id='word_1_85' title='bbox 229 1767 317 1850; x_wconf 91' lang='lat' dir='ltr'>quod</span> <span class='ocrx_word' id='word_1_86' title='bbox 340 1785 382 1828; x_wconf 92' lang='lat' dir='ltr'>ex</span> <span class='ocrx_word' id='word_1_87' title='bbox 406 1767 564 1848; x_wconf 87' lang='lat' dir='ltr'>excerptis</span> <span class='ocrx_word' id='word_1_88' title='bbox 594 1767 727 1848; x_wconf 88' lang='lat' dir='ltr'>planum</span> <span class='ocrx_word' id='word_1_89' title='bbox 755 1765 804 1843; x_wconf 70' lang='lat' dir='ltr'>fia</span> <span class='ocrx_word' id='word_1_90' title='bbox 840 1785 1033 1847; x_wconf 89' lang='lat' dir='ltr'>quamquam</span> <span class='ocrx_word' id='word_1_91' title='bbox 1064 1784 1106 1827; x_wconf 90' lang='lat' dir='ltr'>ne</span> <span class='ocrx_word' id='word_1_92' title='bbox 1131 1769 1298 1847; x_wconf 79' lang='lat' dir='ltr'>excerptor</span> <span class='ocrx_word' id='word_1_93' title='bbox 1320 1766 1348 1826; x_wconf 90' lang='lat' dir='ltr'>is</span> 
     </span>
     <span class='ocr_line' id='line_1_13' title="bbox 174 1871 1347 1956; baseline -0.004 -19"><span class='ocrx_word' id='word_1_94' title='bbox 174 1874 304 1956; x_wconf 91' lang='lat' dir='ltr'>quidem</span> <span class='ocrx_word' id='word_1_95' title='bbox 324 1877 379 1935; x_wconf 86' lang='lat' dir='ltr'>aut</span> <span class='ocrx_word' id='word_1_96' title='bbox 399 1891 527 1934; x_wconf 90' lang='lat' dir='ltr'>omnem</span> <span class='ocrx_word' id='word_1_97' title='bbox 546 1871 723 1934; x_wconf 87' lang='lat' dir='ltr'>doctrinam</span> <span class='ocrx_word' id='word_1_98' title='bbox 745 1878 800 1935; x_wconf 87' lang='lat' dir='ltr'>aut</span> <span class='ocrx_word' id='word_1_99' title='bbox 819 1872 965 1934; x_wconf 88' lang='lat' dir='ltr'>ordinem</span> <span class='ocrx_word' id='word_1_100' title='bbox 983 1873 1123 1952; x_wconf 73' lang='lat' dir='ltr'>retinuit,</span> <span class='ocrx_word' id='word_1_101' title='bbox 1147 1876 1184 1933; x_wconf 86' lang='lat' dir='ltr'>ut</span> <span class='ocrx_word' id='word_1_102' title='bbox 1204 1871 1347 1953; x_wconf 86' lang='lat' dir='ltr'>quaestio</span> 
     </span>
     <span class='ocr_line' id='line_1_14' title="bbox 174 1977 1348 2059; baseline -0.003 -16"><span class='ocrx_word' id='word_1_103' title='bbox 174 1983 215 2043; x_wconf 89' lang='lat' dir='ltr'>sit</span> <span class='ocrx_word' id='word_1_104' title='bbox 238 1984 286 2043; x_wconf 86' lang='lat' dir='ltr'>sat</span> <span class='ocrx_word' id='word_1_105' title='bbox 311 1977 451 2042; x_wconf 89' lang='lat' dir='ltr'>difficilis</span> <span class='ocrx_word' id='word_1_106' title='bbox 475 1997 558 2058; x_wconf 82' lang='lat' dir='ltr'>eum,</span> <span class='ocrx_word' id='word_1_107' title='bbox 584 1997 678 2059; x_wconf 89' lang='lat' dir='ltr'>quem</span> <span class='ocrx_word' id='word_1_108' title='bbox 697 1978 871 2041; x_wconf 91' lang='lat' dir='ltr'>Palaemon</span> <span class='ocrx_word' id='word_1_109' title='bbox 890 1980 1066 2042; x_wconf 89' lang='lat' dir='ltr'>instituerit</span> <span class='ocrx_word' id='word_1_110' title='bbox 1089 1979 1235 2042; x_wconf 89' lang='lat' dir='ltr'>ordinem</span> <span class='ocrx_word' id='word_1_111' title='bbox 1259 1979 1348 2041; x_wconf 90' lang='lat' dir='ltr'>resti-</span> 
     </span>
     <span class='ocr_line' id='line_1_15' title="bbox 173 2084 1349 2169; baseline -0.002 -19"><span class='ocrx_word' id='word_1_112' title='bbox 173 2096 270 2150; x_wconf 87' lang='lat' dir='ltr'>tuere.</span> <span class='ocrx_word' id='word_1_113' title='bbox 317 2084 371 2148; x_wconf 84' lang='lat' dir='ltr'>Sic</span> <span class='ocrx_word' id='word_1_114' title='bbox 392 2085 428 2147; x_wconf 93' lang='lat' dir='ltr'>in</span> <span class='ocrx_word' id='word_1_115' title='bbox 450 2086 543 2147; x_wconf 85' lang='lat' dir='ltr'>initio</span> <span class='ocrx_word' id='word_1_116' title='bbox 567 2085 688 2167; x_wconf 79' lang='lat' dir='ltr'>capitis,</span> <span class='ocrx_word' id='word_1_117' title='bbox 711 2093 748 2147; x_wconf 88' lang='lat' dir='ltr'>ut</span> <span class='ocrx_word' id='word_1_118' title='bbox 771 2086 886 2168; x_wconf 86' lang='lat' dir='ltr'>partim</span> <span class='ocrx_word' id='word_1_119' title='bbox 911 2103 952 2147; x_wconf 90' lang='lat' dir='ltr'>ex</span> <span class='ocrx_word' id='word_1_120' title='bbox 976 2088 1143 2168; x_wconf 74' lang='lat' dir='ltr'>excerptis,</span> <span class='ocrx_word' id='word_1_121' title='bbox 1167 2088 1283 2169; x_wconf 88' lang='lat' dir='ltr'>partim</span> <span class='ocrx_word' id='word_1_122' title='bbox 1307 2104 1349 2149; x_wconf 89' lang='lat' dir='ltr'>ex</span> 
     </span>
     <span class='ocr_line' id='line_1_16' title="bbox 172 2189 1348 2276; baseline -0.002 -18"><span class='ocrx_word' id='word_1_123' title='bbox 172 2196 227 2275; x_wconf 78' lang='lat' dir='ltr'>eie,</span> <span class='ocrx_word' id='word_1_124' title='bbox 252 2212 333 2276; x_wconf 88' lang='lat' dir='ltr'>quae</span> <span class='ocrx_word' id='word_1_125' title='bbox 358 2193 396 2255; x_wconf 93' lang='lat' dir='ltr'>de</span> <span class='ocrx_word' id='word_1_126' title='bbox 420 2193 555 2274; x_wconf 89' lang='lat' dir='ltr'>reliquis</span> <span class='ocrx_word' id='word_1_127' title='bbox 579 2190 846 2254; x_wconf 87' lang='lat' dir='ltr'>declinationibus</span> <span class='ocrx_word' id='word_1_128' title='bbox 869 2191 988 2273; x_wconf 87' lang='lat' dir='ltr'>profert</span> <span class='ocrx_word' id='word_1_129' title='bbox 1008 2189 1179 2274; x_wconf 76' lang='lat' dir='ltr'>Charisius,</span> <span class='ocrx_word' id='word_1_130' title='bbox 1204 2195 1348 2256; x_wconf 86' lang='lat' dir='ltr'>conicere</span> 
     </span>
     <span class='ocr_line' id='line_1_17' title="bbox 171 2298 1346 2382; baseline 0.001 -20"><span class='ocrx_word' id='word_1_131' title='bbox 171 2302 255 2380; x_wconf 83' lang='lat' dir='ltr'>licet,</span> <span class='ocrx_word' id='word_1_132' title='bbox 278 2301 355 2362; x_wconf 88' lang='lat' dir='ltr'>satis</span> <span class='ocrx_word' id='word_1_133' title='bbox 378 2299 526 2362; x_wconf 87' lang='lat' dir='ltr'>mutilata</span> <span class='ocrx_word' id='word_1_134' title='bbox 549 2304 598 2362; x_wconf 87' lang='lat' dir='ltr'>est</span> <span class='ocrx_word' id='word_1_135' title='bbox 621 2298 778 2375; x_wconf 71' lang='lat' dir='ltr'>doctrinm</span> <span class='ocrx_word' id='word_1_136' title='bbox 802 2317 831 2379; x_wconf 92' lang='lat' dir='ltr'>p.</span> <span class='ocrx_word' id='word_1_137' title='bbox 859 2300 954 2378; x_wconf 79' lang='lat'>19‚5;</span> <span class='ocrx_word' id='word_1_138' title='bbox 980 2301 1077 2366; x_wconf 78' lang='lat'>201:</span> <span class='ocrx_word' id='word_1_139' title='bbox 1103 2302 1222 2378; x_wconf 79' lang='lat'>21,17;</span> <span class='ocrx_word' id='word_1_140' title='bbox 1243 2303 1346 2382; x_wconf 62' lang='lat' dir='ltr'>27,st</span> 
     </span>
     <span class='ocr_line' id='line_1_18' title="bbox 175 2406 1348 2489; baseline 0.002 -21"><span class='ocrx_word' id='word_1_141' title='bbox 175 2407 347 2468; x_wconf 89' lang='lat' dir='ltr'>nonnullae</span> <span class='ocrx_word' id='word_1_142' title='bbox 384 2406 514 2488; x_wconf 84' lang='lat' dir='ltr'>regulae</span> <span class='ocrx_word' id='word_1_143' title='bbox 546 2406 715 2489; x_wconf 21' lang='lat' dir='ltr'>&#39;neglectae</span> <span class='ocrx_word' id='word_1_144' title='bbox 753 2408 843 2484; x_wconf 74' lang='lat' dir='ltr'>suut,</span> <span class='ocrx_word' id='word_1_145' title='bbox 885 2425 967 2485; x_wconf 89' lang='lat' dir='ltr'>quae</span> <span class='ocrx_word' id='word_1_146' title='bbox 1005 2407 1089 2487; x_wconf 89' lang='lat' dir='ltr'>apud</span> <span class='ocrx_word' id='word_1_147' title='bbox 1127 2414 1348 2489; x_wconf 80' lang='lat' dir='ltr'>excerptorem</span> 
     </span>
     <span class='ocr_line' id='line_1_19' title="bbox 174 2511 1346 2595; baseline 0.003 -20"><span class='ocrx_word' id='word_1_148' title='bbox 174 2534 203 2595; x_wconf 95' lang='lat' dir='ltr'>p.</span> <span class='ocrx_word' id='word_1_149' title='bbox 228 2511 462 2592; x_wconf 60' lang='lat' dir='ltr'>ostar-265</span> <span class='ocrx_word' id='word_1_150' title='bbox 488 2512 562 2591; x_wconf 78' lang='lat'>537,</span> <span class='ocrx_word' id='word_1_151' title='bbox 587 2513 797 2589; x_wconf 76' lang='lat'>40-538,2;</span> <span class='ocrx_word' id='word_1_152' title='bbox 824 2513 1103 2593; x_wconf 76' lang='lat' dir='ltr'>538,3e-539,4</span> <span class='ocrx_word' id='word_1_153' title='bbox 1126 2515 1346 2579; x_wconf 88' lang='lat' dir='ltr'>inueniuntur.</span> 
     </span>
     <span class='ocr_line' id='line_1_20' title="bbox 174 2617 1348 2702; baseline 0.001 -20"><span class='ocrx_word' id='word_1_154' title='bbox 174 2619 255 2682; x_wconf 89' lang='lat' dir='ltr'>Item</span> <span class='ocrx_word' id='word_1_155' title='bbox 278 2620 311 2680; x_wconf 92' lang='lat' dir='ltr'>in</span> <span class='ocrx_word' id='word_1_156' title='bbox 330 2617 395 2680; x_wconf 88' lang='lat' dir='ltr'>fine</span> <span class='ocrx_word' id='word_1_157' title='bbox 418 2618 529 2680; x_wconf 87' lang='lat' dir='ltr'>tertiae</span> <span class='ocrx_word' id='word_1_158' title='bbox 553 2618 772 2682; x_wconf 84' lang='lat' dir='ltr'>declinationis</span> <span class='ocrx_word' id='word_1_159' title='bbox 802 2619 931 2701; x_wconf 83' lang='lat' dir='ltr'>regulae</span> <span class='ocrx_word' id='word_1_160' title='bbox 955 2621 1057 2702; x_wconf 85' lang='lat' dir='ltr'>magis</span> <span class='ocrx_word' id='word_1_161' title='bbox 1080 2622 1248 2702; x_wconf 83' lang='lat' dir='ltr'>magisque</span> <span class='ocrx_word' id='word_1_162' title='bbox 1272 2626 1348 2683; x_wconf 90' lang='lat' dir='ltr'>atte-</span> 
     </span>
     <span class='ocr_line' id='line_1_21' title="bbox 175 2726 1348 2810; baseline 0.002 -21"><span class='ocrx_word' id='word_1_163' title='bbox 175 2733 326 2807; x_wconf 75' lang='lat' dir='ltr'>nuantur,</span> <span class='ocrx_word' id='word_1_164' title='bbox 347 2744 430 2808; x_wconf 88' lang='lat' dir='ltr'>quae</span> <span class='ocrx_word' id='word_1_165' title='bbox 444 2726 532 2808; x_wconf 92' lang='lat' dir='ltr'>apud</span> <span class='ocrx_word' id='word_1_166' title='bbox 552 2731 772 2810; x_wconf 77' lang='lat' dir='ltr'>excerptorem</span> <span class='ocrx_word' id='word_1_167' title='bbox 788 2727 945 2808; x_wconf 90' lang='lat' dir='ltr'>pleniores</span> <span class='ocrx_word' id='word_1_168' title='bbox 960 2732 1104 2790; x_wconf 87' lang='lat' dir='ltr'>seruatae</span> <span class='ocrx_word' id='word_1_169' title='bbox 1119 2734 1201 2790; x_wconf 88' lang='lat' dir='ltr'>sunt.</span> <span class='ocrx_word' id='word_1_170' title='bbox 1234 2726 1348 2810; x_wconf 86' lang='lat' dir='ltr'>Neque</span> 
     </span>
     <span class='ocr_line' id='line_1_22' title="bbox 173 2831 1348 2914; baseline 0.001 -18"><span class='ocrx_word' id='word_1_171' title='bbox 173 2853 251 2897; x_wconf 91' lang='lat' dir='ltr'>uero</span> <span class='ocrx_word' id='word_1_172' title='bbox 276 2831 439 2896; x_wconf 80' lang='lat' dir='ltr'>Charisius</span> <span class='ocrx_word' id='word_1_173' title='bbox 463 2833 642 2897; x_wconf 86' lang='lat' dir='ltr'>doctrinam</span> <span class='ocrx_word' id='word_1_174' title='bbox 664 2833 886 2896; x_wconf 86' lang='lat' dir='ltr'>Remmianam</span> <span class='ocrx_word' id='word_1_175' title='bbox 914 2852 1047 2914; x_wconf 84' lang='lat' dir='ltr'>prorsus</span> <span class='ocrx_word' id='word_1_176' title='bbox 1074 2836 1220 2898; x_wconf 87' lang='lat' dir='ltr'>mutauit.</span> <span class='ocrx_word' id='word_1_177' title='bbox 1267 2837 1348 2897; x_wconf 88' lang='lat' dir='ltr'>Nam</span> 
     </span>
     <span class='ocr_line' id='line_1_23' title="bbox 173 2939 1347 3024; baseline 0.001 -21"><span class='ocrx_word' id='word_1_178' title='bbox 173 2941 232 3003; x_wconf 89' lang='lat' dir='ltr'>etsi</span> <span class='ocrx_word' id='word_1_179' title='bbox 264 2940 424 3003; x_wconf 88' lang='lat' dir='ltr'>nonnulla</span> <span class='ocrx_word' id='word_1_180' title='bbox 456 2941 685 3020; x_wconf 74' lang='lat' dir='ltr'>muceranii,</span> <span class='ocrx_word' id='word_1_181' title='bbox 716 2944 824 3002; x_wconf 90' lang='lat' dir='ltr'>tamen</span> <span class='ocrx_word' id='word_1_182' title='bbox 855 2939 1031 3001; x_wconf 88' lang='lat' dir='ltr'>doctrinam</span> <span class='ocrx_word' id='word_1_183' title='bbox 1060 2940 1277 3024; x_wconf 87' lang='lat' dir='ltr'>incorruptam</span> <span class='ocrx_word' id='word_1_184' title='bbox 1308 2941 1347 3004; x_wconf 88' lang='lat' dir='ltr'>ab</span> 
     </span>
     <span class='ocr_line' id='line_1_24' title="bbox 173 3048 1348 3131; baseline 0.003 -23"><span class='ocrx_word' id='word_1_185' title='bbox 173 3065 210 3108; x_wconf 89' lang='lat' dir='ltr'>co</span> <span class='ocrx_word' id='word_1_186' title='bbox 234 3052 393 3129; x_wconf 88' lang='lat' dir='ltr'>receptam</span> <span class='ocrx_word' id='word_1_187' title='bbox 417 3066 486 3110; x_wconf 89' lang='lat' dir='ltr'>esse</span> <span class='ocrx_word' id='word_1_188' title='bbox 508 3067 565 3130; x_wconf 90' lang='lat' dir='ltr'>per</span> <span class='ocrx_word' id='word_1_189' title='bbox 589 3051 809 3130; x_wconf 86' lang='lat' dir='ltr'>excerptorem</span> <span class='ocrx_word' id='word_1_190' title='bbox 833 3048 998 3108; x_wconf 88' lang='lat' dir='ltr'>euinoitur.</span> <span class='ocrx_word' id='word_1_191' title='bbox 1045 3048 1090 3108; x_wconf 89' lang='lat' dir='ltr'>At</span> <span class='ocrx_word' id='word_1_192' title='bbox 1121 3048 1238 3110; x_wconf 85' lang='lat' dir='ltr'>dixerit</span> <span class='ocrx_word' id='word_1_193' title='bbox 1263 3050 1348 3131; x_wconf 88' lang='lat' dir='ltr'>quis-</span> 
     </span>
     <span class='ocr_line' id='line_1_25' title="bbox 174 3154 1348 3237; baseline 0.003 -24"><span class='ocrx_word' id='word_1_194' title='bbox 174 3154 273 3234; x_wconf 89' lang='lat' dir='ltr'>piam:</span> <span class='ocrx_word' id='word_1_195' title='bbox 309 3154 387 3235; x_wconf 92' lang='lat' dir='ltr'>quid</span> <span class='ocrx_word' id='word_1_196' title='bbox 421 3157 523 3232; x_wconf 83' lang='lat' dir='ltr'>enim,</span> <span class='ocrx_word' id='word_1_197' title='bbox 556 3154 759 3218; x_wconf 90' lang='lat' dir='ltr'>Palaemonis</span> <span class='ocrx_word' id='word_1_198' title='bbox 783 3173 846 3234; x_wconf 83' lang='lat' dir='ltr'>ars,</span> <span class='ocrx_word' id='word_1_199' title='bbox 879 3171 952 3215; x_wconf 89' lang='lat' dir='ltr'>cum</span> <span class='ocrx_word' id='word_1_200' title='bbox 985 3155 1021 3215; x_wconf 92' lang='lat' dir='ltr'>in</span> <span class='ocrx_word' id='word_1_201' title='bbox 1051 3160 1114 3215; x_wconf 91' lang='lat' dir='ltr'>tam</span> <span class='ocrx_word' id='word_1_202' title='bbox 1138 3155 1348 3237; x_wconf 88' lang='lat' dir='ltr'>multiplicem</span> 
     </span>
     <span class='ocr_line' id='line_1_26' title="bbox 175 3258 1347 3342; baseline 0.003 -22"><span class='ocrx_word' id='word_1_203' title='bbox 175 3258 356 3322; x_wconf 88' lang='lat' dir='ltr'>scholarum</span> <span class='ocrx_word' id='word_1_204' title='bbox 376 3280 471 3323; x_wconf 90' lang='lat' dir='ltr'>usum</span> <span class='ocrx_word' id='word_1_205' title='bbox 490 3263 624 3341; x_wconf 73' lang='lat' dir='ltr'>uenerit,</span> <span class='ocrx_word' id='word_1_206' title='bbox 644 3280 751 3323; x_wconf 93' lang='lat' dir='ltr'>nonne</span> <span class='ocrx_word' id='word_1_207' title='bbox 770 3261 889 3322; x_wconf 90' lang='lat' dir='ltr'>mutari</span> <span class='ocrx_word' id='word_1_208' title='bbox 908 3265 1004 3342; x_wconf 83' lang='lat' dir='ltr'>atque</span> <span class='ocrx_word' id='word_1_209' title='bbox 1023 3261 1208 3342; x_wconf 88' lang='lat' dir='ltr'>interpolari</span> <span class='ocrx_word' id='word_1_210' title='bbox 1223 3262 1347 3342; x_wconf 75' lang='lat' dir='ltr'>potuit?</span> 
     </span>
     <span class='ocr_line' id='line_1_27' title="bbox 174 3363 1347 3450; baseline 0.002 -22"><span class='ocrx_word' id='word_1_211' title='bbox 174 3363 258 3429; x_wconf 83' lang='lat' dir='ltr'>Sane</span> <span class='ocrx_word' id='word_1_212' title='bbox 281 3368 398 3449; x_wconf 82' lang='lat' dir='ltr'>potuit3</span> <span class='ocrx_word' id='word_1_213' title='bbox 423 3366 480 3430; x_wconf 88' lang='lat' dir='ltr'>sed</span> <span class='ocrx_word' id='word_1_214' title='bbox 504 3366 679 3429; x_wconf 89' lang='lat' dir='ltr'>Palaemon</span> <span class='ocrx_word' id='word_1_215' title='bbox 703 3376 828 3450; x_wconf 84' lang='lat' dir='ltr'>compta</span> <span class='ocrx_word' id='word_1_216' title='bbox 853 3366 991 3449; x_wconf 87' lang='lat' dir='ltr'>quadam</span> <span class='ocrx_word' id='word_1_217' title='bbox 1014 3370 1045 3428; x_wconf 88' lang='lat' dir='ltr'>et</span> <span class='ocrx_word' id='word_1_218' title='bbox 1069 3367 1216 3450; x_wconf 87' lang='lat' dir='ltr'>expedita</span> <span class='ocrx_word' id='word_1_219' title='bbox 1235 3368 1347 3450; x_wconf 76' lang='lat' dir='ltr'>lingua</span> 
     </span>
     <span class='ocr_line' id='line_1_28' title="bbox 173 3474 1348 3556; baseline 0.001 -21"><span class='ocrx_word' id='word_1_220' title='bbox 173 3475 282 3555; x_wconf 82' lang='lat' dir='ltr'>utitur,</span> <span class='ocrx_word' id='word_1_221' title='bbox 308 3494 370 3555; x_wconf 90' lang='lat' dir='ltr'>qua</span> <span class='ocrx_word' id='word_1_222' title='bbox 394 3474 507 3556; x_wconf 82' lang='lat' dir='ltr'>regula</span> <span class='ocrx_word' id='word_1_223' title='bbox 530 3493 548 3534; x_wconf 92' lang='lat' dir='ltr'>a</span> <span class='ocrx_word' id='word_1_224' title='bbox 567 3476 680 3556; x_wconf 84' lang='lat' dir='ltr'>regula</span> <span class='ocrx_word' id='word_1_225' title='bbox 700 3476 879 3556; x_wconf 86' lang='lat' dir='ltr'>excipiatur</span> <span class='ocrx_word' id='word_1_226' title='bbox 898 3479 929 3536; x_wconf 86' lang='lat' dir='ltr'>et</span> <span class='ocrx_word' id='word_1_227' title='bbox 948 3493 1012 3555; x_wconf 91' lang='lat' dir='ltr'>qna</span> <span class='ocrx_word' id='word_1_228' title='bbox 1032 3474 1176 3536; x_wconf 89' lang='lat' dir='ltr'>doctrina</span> <span class='ocrx_word' id='word_1_229' title='bbox 1195 3474 1348 3536; x_wconf 88' lang='lat' dir='ltr'>continua</span> 
     </span>
     <span class='ocr_line' id='line_1_29' title="bbox 173 3579 1348 3663; baseline 0.003 -22"><span class='ocrx_word' id='word_1_230' title='bbox 173 3579 322 3662; x_wconf 87' lang='lat' dir='ltr'>profluat,</span> <span class='ocrx_word' id='word_1_231' title='bbox 344 3586 381 3643; x_wconf 90' lang='lat' dir='ltr'>ut</span> <span class='ocrx_word' id='word_1_232' title='bbox 400 3582 455 3643; x_wconf 90' lang='lat' dir='ltr'>uel</span> <span class='ocrx_word' id='word_1_233' title='bbox 474 3599 491 3642; x_wconf 90' lang='lat' dir='ltr'>e</span> <span class='ocrx_word' id='word_1_234' title='bbox 512 3580 689 3643; x_wconf 90' lang='lat' dir='ltr'>disserendi</span> <span class='ocrx_word' id='word_1_235' title='bbox 708 3585 776 3661; x_wconf 78' lang='lat' dir='ltr'>uia,</span> <span class='ocrx_word' id='word_1_236' title='bbox 795 3580 853 3643; x_wconf 90' lang='lat' dir='ltr'>ubi</span> <span class='ocrx_word' id='word_1_237' title='bbox 873 3581 1019 3643; x_wconf 90' lang='lat' dir='ltr'>doctrina</span> <span class='ocrx_word' id='word_1_238' title='bbox 1037 3581 1214 3663; x_wconf 87' lang='lat' dir='ltr'>interrupta</span> <span class='ocrx_word' id='word_1_239' title='bbox 1237 3584 1278 3644; x_wconf 89' lang='lat' dir='ltr'>sit</span> <span class='ocrx_word' id='word_1_240' title='bbox 1297 3601 1348 3644; x_wconf 93' lang='lat' dir='ltr'>co·</span> 
     </span>
     <span class='ocr_line' id='line_1_30' title="bbox 173 3685 1348 3770; baseline 0.002 -22"><span class='ocrx_word' id='word_1_241' title='bbox 173 3705 318 3767; x_wconf 85' lang='lat' dir='ltr'>gnoscas.</span> <span class='ocrx_word' id='word_1_242' title='bbox 358 3685 440 3749; x_wconf 82' lang='lat' dir='ltr'>Sunt</span> <span class='ocrx_word' id='word_1_243' title='bbox 459 3693 490 3750; x_wconf 90' lang='lat' dir='ltr'>et</span> <span class='ocrx_word' id='word_1_244' title='bbox 509 3687 572 3750; x_wconf 91' lang='lat' dir='ltr'>alia</span> <span class='ocrx_word' id='word_1_245' title='bbox 591 3688 702 3768; x_wconf 74' lang='lat' dir='ltr'>multa,</span> <span class='ocrx_word' id='word_1_246' title='bbox 722 3707 738 3751; x_wconf 92' lang='lat' dir='ltr'>e</span> <span class='ocrx_word' id='word_1_247' title='bbox 759 3687 877 3769; x_wconf 87' lang='lat' dir='ltr'>quibus</span> <span class='ocrx_word' id='word_1_248' title='bbox 897 3689 1068 3769; x_wconf 73' lang='lat' dir='ltr'>corruptio,</span> <span class='ocrx_word' id='word_1_249' title='bbox 1093 3689 1120 3750; x_wconf 92' lang='lat' dir='ltr'>si</span> <span class='ocrx_word' id='word_1_250' title='bbox 1140 3709 1201 3770; x_wconf 92' lang='lat' dir='ltr'>qua</span> <span class='ocrx_word' id='word_1_251' title='bbox 1222 3691 1348 3751; x_wconf 87' lang='lat' dir='ltr'>inueni-</span> 
     </span>
     <span class='ocr_line' id='line_1_31' title="bbox 172 3793 1348 3877; baseline 0.003 -24"><span class='ocrx_word' id='word_1_252' title='bbox 172 3798 226 3854; x_wconf 89' lang='lat' dir='ltr'>tur</span> <span class='ocrx_word' id='word_1_253' title='bbox 249 3793 398 3855; x_wconf 89' lang='lat' dir='ltr'>concludi</span> <span class='ocrx_word' id='word_1_254' title='bbox 423 3799 532 3876; x_wconf 85' lang='lat' dir='ltr'>potest.</span> <span class='ocrx_word' id='word_1_255' title='bbox 578 3794 740 3876; x_wconf 82' lang='lat' dir='ltr'>Equidem</span> <span class='ocrx_word' id='word_1_256' title='bbox 763 3796 794 3857; x_wconf 94' lang='lat' dir='ltr'>in</span> <span class='ocrx_word' id='word_1_257' title='bbox 819 3797 902 3858; x_wconf 90' lang='lat' dir='ltr'>hanc</span> <span class='ocrx_word' id='word_1_258' title='bbox 922 3814 1050 3877; x_wconf 91' lang='lat' dir='ltr'>quoque</span> <span class='ocrx_word' id='word_1_259' title='bbox 1074 3814 1141 3857; x_wconf 89' lang='lat' dir='ltr'>rem</span> <span class='ocrx_word' id='word_1_260' title='bbox 1165 3797 1348 3877; x_wconf 80' lang='lat' dir='ltr'>maximam,</span> 
     </span>
     <span class='ocr_line' id='line_1_32' title="bbox 175 3900 867 3984; baseline 0.003 -23"><span class='ocrx_word' id='word_1_261' title='bbox 175 3900 280 3979; x_wconf 87' lang='lat' dir='ltr'>quoad</span> <span class='ocrx_word' id='word_1_262' title='bbox 302 3900 413 3963; x_wconf 89' lang='lat' dir='ltr'>licebit</span> <span class='ocrx_word' id='word_1_263' title='bbox 437 3901 639 3983; x_wconf 84' lang='lat' dir='ltr'>diligentiam</span> <span class='ocrx_word' id='word_1_264' title='bbox 663 3902 834 3965; x_wconf 85' lang='lat' dir='ltr'>conferam.</span> <span class='ocrx_word' id='word_1_265' title='bbox 846 3902 867 3984; x_wconf 86' lang='lat'>¹)</span> 
     </span>
    </p>

    <p class='ocr_par' dir='ltr' id='par_1_4' title="bbox 171 4005 1348 4412">
     <span class='ocr_line' id='line_1_33' title="bbox 262 4005 1348 4092; baseline 0.003 -23"><span class='ocrx_word' id='word_1_266' title='bbox 262 4005 328 4070; x_wconf 89' lang='lat' dir='ltr'>Neo</span> <span class='ocrx_word' id='word_1_267' title='bbox 356 4009 391 4068; x_wconf 89' lang='lat' dir='ltr'>in</span> <span class='ocrx_word' id='word_1_268' title='bbox 415 4009 475 4071; x_wconf 93' lang='lat' dir='ltr'>hoc</span> <span class='ocrx_word' id='word_1_269' title='bbox 502 4027 568 4070; x_wconf 91' lang='lat' dir='ltr'>uuo</span> <span class='ocrx_word' id='word_1_270' title='bbox 593 4009 695 4090; x_wconf 88' lang='lat' dir='ltr'>capite</span> <span class='ocrx_word' id='word_1_271' title='bbox 723 4008 796 4071; x_wconf 87' lang='lat' dir='ltr'>talis</span> <span class='ocrx_word' id='word_1_272' title='bbox 819 4028 927 4072; x_wconf 78' lang='lat' dir='ltr'>reruni</span> <span class='ocrx_word' id='word_1_273' title='bbox 957 4009 1102 4072; x_wconf 90' lang='lat' dir='ltr'>condicio</span> <span class='ocrx_word' id='word_1_274' title='bbox 1134 4012 1188 4071; x_wconf 88' lang='lat' dir='ltr'>est.</span> <span class='ocrx_word' id='word_1_275' title='bbox 1235 4008 1348 4092; x_wconf 77' lang='lat' dir='ltr'>Saepe-</span> 
     </span>
     <span class='ocr_line' id='line_1_34' title="bbox 171 4114 1348 4197; baseline 0.004 -24"><span class='ocrx_word' id='word_1_276' title='bbox 171 4130 306 4176; x_wconf 90' lang='lat' dir='ltr'>numero</span> <span class='ocrx_word' id='word_1_277' title='bbox 340 4115 424 4176; x_wconf 91' lang='lat' dir='ltr'>enim</span> <span class='ocrx_word' id='word_1_278' title='bbox 457 4115 559 4177; x_wconf 90' lang='lat' dir='ltr'>initiis</span> <span class='ocrx_word' id='word_1_279' title='bbox 593 4116 732 4196; x_wconf 88' lang='lat' dir='ltr'>capitum</span> <span class='ocrx_word' id='word_1_280' title='bbox 770 4114 907 4178; x_wconf 89' lang='lat' dir='ltr'>fluctuat</span> <span class='ocrx_word' id='word_1_281' title='bbox 939 4115 1102 4178; x_wconf 85' lang='lat' dir='ltr'>Charisius</span> <span class='ocrx_word' id='word_1_282' title='bbox 1139 4134 1246 4197; x_wconf 89' lang='lat' dir='ltr'>neque</span> <span class='ocrx_word' id='word_1_283' title='bbox 1279 4118 1348 4197; x_wconf 88' lang='lat' dir='ltr'>scit,</span> 
     </span>
     <span class='ocr_line' id='line_1_35' title="bbox 172 4221 1348 4305; baseline 0.003 -23"><span class='ocrx_word' id='word_1_284' title='bbox 172 4221 326 4301; x_wconf 90' lang='lat' dir='ltr'>quidnam</span> <span class='ocrx_word' id='word_1_285' title='bbox 350 4222 551 4303; x_wconf 84' lang='lat' dir='ltr'>potissimum</span> <span class='ocrx_word' id='word_1_286' title='bbox 571 4223 712 4305; x_wconf 72' lang='lat' dir='ltr'>recipiat,</span> <span class='ocrx_word' id='word_1_287' title='bbox 738 4223 830 4304; x_wconf 90' lang='lat' dir='ltr'>quasi</span> <span class='ocrx_word' id='word_1_288' title='bbox 854 4223 1021 4304; x_wconf 76' lang='lat' dir='ltr'>nauigatur</span> <span class='ocrx_word' id='word_1_289' title='bbox 1041 4222 1170 4304; x_wconf 88' lang='lat' dir='ltr'>quidam</span> <span class='ocrx_word' id='word_1_290' title='bbox 1195 4225 1228 4283; x_wconf 90' lang='lat' dir='ltr'>in</span> <span class='ocrx_word' id='word_1_291' title='bbox 1248 4223 1348 4285; x_wconf 88' lang='lat' dir='ltr'>altum</span> 
     </span>
     <span class='ocr_line' id='line_1_36' title="bbox 172 4327 1346 4412; baseline 0.002 -23"><span class='ocrx_word' id='word_1_292' title='bbox 172 4327 383 4409; x_wconf 69' lang='lat' dir='ltr'>profecturus,</span> <span class='ocrx_word' id='word_1_293' title='bbox 405 4329 461 4410; x_wconf 89' lang='lat' dir='ltr'>qui</span> <span class='ocrx_word' id='word_1_294' title='bbox 481 4328 576 4390; x_wconf 88' lang='lat' dir='ltr'>maris</span> <span class='ocrx_word' id='word_1_295' title='bbox 594 4348 660 4391; x_wconf 90' lang='lat' dir='ltr'>non</span> <span class='ocrx_word' id='word_1_296' title='bbox 680 4329 756 4391; x_wconf 91' lang='lat' dir='ltr'>satis</span> <span class='ocrx_word' id='word_1_297' title='bbox 775 4330 896 4411; x_wconf 85' lang='lat' dir='ltr'>peritus</span> <span class='ocrx_word' id='word_1_298' title='bbox 916 4330 1027 4409; x_wconf 85' lang='lat' dir='ltr'>nescit,</span> <span class='ocrx_word' id='word_1_299' title='bbox 1048 4348 1188 4411; x_wconf 89' lang='lat' dir='ltr'>quonam</span> <span class='ocrx_word' id='word_1_300' title='bbox 1207 4331 1346 4412; x_wconf 90' lang='lat' dir='ltr'>primum</span> 
     </span>
    </p>
   </div>
   <div class='ocr_carea' id='block_1_3' title="bbox 262 4468 1347 4537">
    <p class='ocr_par' dir='ltr' id='par_1_5' title="bbox 262 4468 1347 4537">
     <span class='ocr_line' id='line_1_37' title="bbox 262 4468 1347 4537; baseline 0.002 -15"><span class='ocrx_word' id='word_1_301' title='bbox 262 4469 283 4536; x_wconf 83' lang='lat'>¹)</span> <span class='ocrx_word' id='word_1_302' title='bbox 302 4469 443 4522; x_wconf 81' lang='lat' dir='ltr'>Charisius</span> <span class='ocrx_word' id='word_1_303' title='bbox 462 4470 490 4520; x_wconf 86' lang='lat' dir='ltr'>et</span> <span class='ocrx_word' id='word_1_304' title='bbox 508 4471 648 4537; x_wconf 87' lang='lat' dir='ltr'>excerptor</span> <span class='ocrx_word' id='word_1_305' title='bbox 665 4472 758 4521; x_wconf 89' lang='lat' dir='ltr'>utrum</span> <span class='ocrx_word' id='word_1_306' title='bbox 773 4469 893 4522; x_wconf 89' lang='lat' dir='ltr'>eiusdem</span> <span class='ocrx_word' id='word_1_307' title='bbox 907 4468 1080 4524; x_wconf 80' lang='lat' dir='ltr'>Remmianao</span> <span class='ocrx_word' id='word_1_308' title='bbox 1099 4470 1165 4522; x_wconf 85' lang='lat' dir='ltr'>artis</span> <span class='ocrx_word' id='word_1_309' title='bbox 1184 4471 1347 4526; x_wconf 85' lang='lat' dir='ltr'>recensionis</span> 
     </span>
    </p>
   </div>
   <div class='ocr_carea' id='block_1_4' title="bbox 171 4556 1206 4697">
    <p class='ocr_par' dir='ltr' id='par_1_6' title="bbox 171 4556 1206 4697">
     <span class='ocr_line' id='line_1_38' title="bbox 171 4556 1075 4627; baseline 0.002 -18"><span class='ocrx_word' id='word_1_310' title='bbox 171 4556 318 4626; x_wconf 84' lang='lat' dir='ltr'>exemplari</span> <span class='ocrx_word' id='word_1_311' title='bbox 337 4557 382 4612; x_wconf 89' lang='lat' dir='ltr'>usi</span> <span class='ocrx_word' id='word_1_312' title='bbox 401 4557 455 4610; x_wconf 85' lang='lat' dir='ltr'>siut</span> <span class='ocrx_word' id='word_1_313' title='bbox 472 4574 565 4626; x_wconf 87' lang='lat' dir='ltr'>neone,</span> <span class='ocrx_word' id='word_1_314' title='bbox 584 4558 702 4612; x_wconf 88' lang='lat' dir='ltr'>nondum</span> <span class='ocrx_word' id='word_1_315' title='bbox 720 4557 799 4626; x_wconf 89' lang='lat' dir='ltr'>plane</span> <span class='ocrx_word' id='word_1_316' title='bbox 819 4558 962 4612; x_wconf 88' lang='lat' dir='ltr'>diiudicari</span> <span class='ocrx_word' id='word_1_317' title='bbox 980 4563 1075 4627; x_wconf 86' lang='lat' dir='ltr'>potest.</span> 
     </span>
     <span class='ocr_line' id='line_1_39' title="bbox 1164 4647 1206 4697; baseline 0 -18"><span class='ocrx_word' id='word_1_318' title='bbox 1164 4647 1206 4697; x_wconf 50' lang='grc' dir='ltr'>ζὴ·</span> 
     </span>
    </p>
   </div>
   <div class='ocr_carea' id='block_1_5' title="bbox 0 0 1531 4958">
    <p class='ocr_par' dir='ltr' id='par_1_7' title="bbox 0 0 1531 4958">
     <span class='ocr_line' id='line_1_40' title="bbox 0 0 1531 4958; baseline 0 0"><span class='ocrx_word' id='word_1_319' title='bbox 0 0 1531 4958; x_wconf 95' lang='lat' dir='ltr'> </span> 
     </span>
    </p>
   </div>
  </div>
 </body>
</html>
