3052 4958
463 235 465 243 r

642 485 863 546 „37-

157 665 277 727 maiore
310 668 465 746 exparte
497 665 642 727 conlecta
670 681 728 724 sno
763 678 891 744 quoqne
925 659 1036 723 ordine
1069 655 1281 724 subiciamus³
1305 642 1336 724 et

157 768 243 853 apud
276 774 496 853 excerptorem
529 790 558 854 p.
593 771 703 850 548,1
738 773 770 831 et
799 767 885 850 apud
917 765 1106 830 Diomedem
1138 786 1168 850 p.
1202 770 1334 850 327,15

158 877 270 940 eadem
301 876 596 961 deprehenduntur.
643 876 706 939 Vel
729 874 806 937 inde
830 875 1004 937 conieceris
1029 893 1066 936 ea
1090 875 1198 936 omnia
1227 893 1293 937 non
1318 895 1337 938 a

150 982 318 1068 Charino,
342 983 399 1049 sed
422 982 462 1047 ab
486 989 617 1047 auctore
640 983 756 1067 prioris
779 981 908 1064 capitis,
938 980 1173 1061 aPalaemone
1195 980 1337 1064 profecta

161 1108 240 1154 esse.
293 1091 356 1155 Sed
388 1091 547 1154 accedunt
579 1091 655 1152 alia:
680 1110 709 1171 p.
733 1089 790 1169 42,
807 1089 864 1169 22,
897 1066 968 1149 ubi'
986 1086 1188 1150 Palaemonis
1222 1088 1337 1152 doctri-

159 1217 235 1259 nam
258 1197 393 1282 proferri
415 1198 511 1282 paulo
535 1203 606 1281 post
629 1194 876 1274 noscitabimus,
901 1199 1012 1258 auctor
1035 1196 1137 1258 nostri
1162 1195 1272 1278 capitis
1296 1194 1336 1257 ad

158 1297 332 1369 ‘neutralia
360 1323 485 1388 semper
507 1298 663 1388 pluralia'
686 1325 715 1386 p.
741 1305 793 1383 33,
808 1302 849 1363 25
880 1302 1012 1384 respicit
1036 1302 1161 1366 dicens:
1192 1295 1337 1365 tdierum

159 1430 323 1475 sacrorum
348 1416 380 1475 et
403 1411 612 1475 sollemnium
636 1409 874 1494 appellationes,
899 1427 980 1490 quas
998 1409 1062 1470 iam
1085 1428 1144 1472 suo
1164 1409 1234 1471 loco
1252 1409 1338 1470 inter

159 1518 318 1582 neutralia
336 1537 463 1602 semper
480 1518 620 1602 pluralia
638 1508 853 1580 inseruimus³
872 1518 903 1577 et
923 1515 1051 1577 eosdem
1070 1515 1138 1578 dies
1158 1514 1337 1594 sollemnes

159 1645 239 1707 quas
265 1646 295 1708 p.
320 1628 361 1690 33
391 1627 426 1688 in
456 1624 642 1707 exemplum
669 1627 772 1686 uocat.
822 1613 1067 1684 ‘Carmentalis'
1095 1626 1203 1684 autem
1226 1612 1338 1681 ‘matri

158 1729 306 1798 Euandri
329 1731 486 1795 sacrificia
508 1724 681 1812 instituta',
706 1748 789 1812 quae
812 1749 842 1811 p.
868 1729 963 1808 3337
989 1728 1199 1810 appellantur,
1224 1727 1337 1790 eadem

161 1843 335 1901 occurrunt
366 1820 454 1922 apud
477 1841 698 1920 excerptorem
728 1839 764 1899 in
795 1834 952 1918 particula
975 1837 1086 1897 tertiae
1114 1834 1338 1898 declinationis

159 1965 188 2027 p.
213 1947 287 2027 544,
298 1947 354 2028 29,
387 1965 485 2028 quarn
510 1943 674 2007 Charisius
697 1945 733 2007 in
756 1944 863 2027 priore
887 1941 1092 2005 Palaemonis
1121 1942 1224 2024 capite
1248 1959 1337 2024 prae-

159 2053 302 2115 termisit.
348 2050 486 2115 Dicendi
515 2051 632 2114 deinde
660 2070 764 2134 genus
792 2049 827 2113 id
855 2053 917 2130 est,
949 2049 1036 2132 quod
1065 2069 1162 2133 supra
1184 2049 1338 2131 cognoni-

158 2177 248 2236 mus;
281 2158 358 2222 ordo
386 2178 497 2221 rerum
526 2158 599 2220 talis
631 2157 734 2240 qualis
760 2159 795 2219 in
822 2157 916 2219 initio
946 2157 1061 2240 eapitis
1089 2157 1252 2220 indicatus
1281 2160 1336 2220 est.

158 2265 293 2328 Accedit
317 2266 403 2349 quod
426 2266 655 2350 grauissimum
680 2271 736 2346 est,
761 2263 848 2346 qnod
871 2263 998 2326 easdem
1023 2282 1074 2326 res
1094 2263 1206 2326 eodem
1227 2263 1337 2325 ordine

160 2377 330 2455 excerptor
353 2372 502 2435 decantat
531 2377 562 2434 et
586 2371 672 2454 quod
697 2371 853 2453 quaedam
874 2370 939 2432 iam
962 2371 997 2431 in
1020 2371 1126 2452 priore
1150 2371 1253 2452 capite
1277 2370 1337 2432 eis·
1385 2436 1389 2441 ,

161 2476 233 2540 dem
256 2477 365 2541 uerbis
387 2483 472 2542 tacta
495 2485 580 2541 sunt.
623 2476 729 2552 Quare
754 2478 834 2558 quin
857 2477 917 2538 hoc
943 2481 1038 2559 caput
1061 2476 1264 2540 Palaemonis
1287 2476 1336 2556 sit,

160 2583 251 2647 nulla
268 2585 481 2669 interponitur
500 2584 665 2673 dubitatio,
698 2584 793 2648 Adde
813 2584 899 2667 qnod
917 2585 951 2645 in
970 2583 1172 2666 praecedenti
1192 2584 1338 2646 doctrina

161 2696 193 2753 et
216 2688 379 2756 Charisius
403 2698 435 2756 et
458 2697 627 2775 excerptor
650 2689 854 2773 Palaemonis
879 2695 979 2754 artem
1001 2692 1144 2754 retinuit.

247 2788 467 2883 ‘Monoptota’
491 2801 605 2883 capitis
629 2797 706 2875 XII,
729 2819 758 2881 p.
780 2801 1015 2880 35,18-37,7
1040 2800 1105 2861 iam
1124 2797 1337 2862 Schottmuel-

157 2905 205 2968 ler
226 2897 350 2969 ‘uelut'
370 2907 607 2971 coniunctionis
626 2925 690 2969 usu
708 2907 800 2968 nisus
819 2905 1005 2969 Palaemoni
1023 2906 1144 2982 tribuit,
1167 2907 1230 2968 nisi
1251 2903 1337 2986 quod

159 3029 209 3088 ea,
234 3030 315 3094 quae
337 3034 367 3097 p.
392 3015 596 3095 aum-26
620 3012 788 3095 leguntur,
816 3016 946 3096 propter
968 3005 1112 3096 ‘utputa'
1137 3011 1336 3075 coniunctio-

160 3135 234 3179 nem
257 3124 288 3181 et
311 3121 467 3202 qnoniam
491 3120 576 3204 apud
595 3119 747 3199 Phocam,
772 3119 829 3201 qui
852 3119 1010 3200 reliquam
1029 3120 1139 3202 capitis
1159 3118 1338 3181 doctrinam

161 3240 227 3286 non
249 3226 435 3309 recepisset,
463 3231 630 3290 exstarent
658 3246 700 3290 ex
723 3225 822 3288 altero
849 3224 938 3289 fonte
966 3225 1080 3288 hausta
1110 3244 1179 3288 esse
1203 3225 1336 3289 censuit.

160 3329 223 3395 Sed
246 3332 341 3396 etiam
364 3353 449 3409 cam,
474 3353 570 3416 quam
594 3335 647 3396 nir
671 3334 783 3396 doctus
808 3334 934 3416 excepit
956 3332 1146 3415 particulam
1171 3331 1336 3395 Palaemo-

158 3440 209 3502 nis
237 3458 306 3503 esse
330 3445 499 3522 excerptor
526 3442 707 3522 p.551,10
736 3439 927 3522 comprobat.
978 3439 1099 3502 Mirum
1130 3440 1216 3502 enim
1244 3444 1336 3520 esset,

159 3547 188 3609 si
212 3552 392 3631 excerptor,
418 3548 475 3630 qui
499 3547 635 3610 eandem
660 3548 837 3610 doctrinam
862 3548 975 3611 eodem
999 3548 1110 3611 ordine
1133 3546 1243 3628 tradit,
1266 3547 1335 3629 ipso

158 3653 215 3717 illo
237 3655 308 3718 loco
343 3654 482 3717 eundem
511 3653 647 3716 alterurn
680 3657 925 3736 grammaticum
948 3657 1130 3739 inspexisse
1162 3653 1337 3718 uideretur.

159 3758 387 3824 Palaemonem
410 3780 488 3824 uero
518 3779 585 3822 non
608 3759 718 3823 ubiuis
740 3753 865 3824 ‘uelut'
890 3762 1119 3825 coniunctione
1146 3780 1244 3824 nsum
1267 3778 1337 3824 esse

158 3885 257 3949 snpra
289 3869 367 3931 satis
398 3886 558 3951 superque
594 3867 801 3931 ostendimus.
858 3867 927 3930 Iam
956 3886 992 3931 ea
1020 3888 1124 3950 causa,
1158 3888 1222 3950 qua
1251 3867 1337 3950 apud

159 3971 301 4037 Phocam
320 3974 450 4059 reliqua
479 3974 625 4038 doctrina
648 3994 714 4037 non
737 3975 936 4053 inueniatur,
965 3976 1057 4039 nulla
1078 3975 1146 4038 fere
1170 3980 1225 4038 est.
1272 3972 1338 4037 Cur

58 4067 62 4072 ⁵
160 4080 246 4142 enim
269 4079 412 4144 Phocam
444 4100 572 4145 omnem
602 4081 795 4164 doctrinam,
829 4101 925 4164 quam
946 4081 1121 4146 Palaemon
1144 4080 1336 4165 praebuerit,

158 4188 316 4269 recepisse
339 4187 548 4254 censeamus?
594 4186 758 4270 Ceterum,
783 4187 956 4270 quodiam
979 4208 1126 4273 suprap.
1151 4191 1193 4251 27
1218 4188 1337 4270 addidi,

158 4292 334 4357 Palaemon
356 4316 385 4378 p.
412 4297 514 4372 189,6
539 4295 599 4359 hoc
622 4300 717 4378 caput
742 4300 777 4358 nt
800 4315 897 4358 suum
921 4295 1059 4360 denotat.

249 4400 353 4485 Caput
384 4400 482 4483 XlII,
517 4401 602 4484 quod
636 4423 666 4485 p.
696 4404 885 4484 ana—18
918 4395 982 4466 ‘De
1016 4402 1217 4485 nominibuS,
1254 4422 1337 4486 qnae

158 4506 416 4592 hypocorismata
437 4527 503 4570 non
530 4503 705 4593 recipiunt'
737 4509 847 4591 refert,
878 4527 951 4571 cum
979 4510 1200 4594 praecedentis
1224 4511 1336 4594 capitis
