3052 4958
654 270 872 334 „70-

261 444 349 520 Quae
375 466 403 528 p.
432 446 503 527 189,
523 448 730 527 25-190,7
759 451 915 529 prostant,
947 448 1006 510 etsi
1035 466 1054 507 a
1083 443 1347 509 Schottmuellero

169 573 198 635 p.
225 554 265 615 12
289 552 476 616 Palaemoni
499 551 649 635 abrogata
673 557 760 634 sunt,
784 559 889 616 tamen
913 554 942 616 ei
965 552 1126 617 debentur.
1173 551 1256 615 Nam
1280 555 1348 615 arte

121 658 124 663 ⁴
171 660 270 742 priori
293 658 456 722 doctrinae
481 660 631 722 deuincta
654 664 736 722 sunt.
784 657 1030 723 Schottmueller
1053 663 1158 722 autem
1183 678 1253 721 eam
1275 678 1349 741 par-

170 770 236 829 tem
269 766 408 848 excepit,
443 765 528 848 quod
556 764 661 828 Varro
694 765 746 828 liic
777 765 926 829 laudatus
955 774 1043 830 esset.
1093 764 1152 829 Oui
1181 765 1350 829 offensioni

170 872 276 935 locum
301 892 365 934 non
391 891 459 936 esse
482 891 577 954 supra
600 871 745 934 docuisse
768 873 847 933 milri
870 873 989 936 uideor.
1036 873 1154 955 Incipit
1176 872 1255 935 haec
1273 867 1350 955 'par-

170 979 283 1040 ticula:
315 970 461 1041 ‘Conlata
493 984 570 1040 sunt
602 972 778 1041 aduerbia'.
825 980 870 1041 At
893 979 1029 1042 multum
1058 999 1130 1062 spes
1154 999 1227 1042 eum
1250 979 1349 1060 fallet,

171 1087 227 1168 qui
246 1086 448 1148 Palaemonis
473 1084 626 1148 aduerbia
649 1086 859 1167 scriptoribus
882 1088 1000 1149 usitata
1023 1096 1172 1149 secutura
1191 1087 1350 1169 opinetur.

170 1190 286 1256 Denuo
314 1193 399 1257 euim
428 1191 590 1255 Charisius
614 1191 816 1256 Palaemonis
845 1195 988 1256 doctriua
1017 1193 1163 1256 uberiore
1194 1194 1351 1255 nimirum

171 1299 305 1383 abrupta
332 1320 368 1362 ae
393 1301 544 1363 destituta
572 1301 611 1363 ad
633 1300 817 1363 Romanum
840 1321 874 1364 se
901 1302 1043 1364 contulit.
1092 1301 1274 1363 Paucorum
1302 1304 1352 1362 ta-

170 1426 244 1471 men
268 1409 457 1490 scriptorum
486 1408 632 1490 exempla
660 1428 678 1469 a
701 1406 893 1472 Palaemone
917 1413 1067 1490 congesta
1090 1408 1236 1471 retinuit:
1267 1405 1349 1471 Var-

170 1516 258 1577 ronis
286 1514 336 1577 lll
365 1514 443 1599 περὶ
472 1510 689 1600 χαρακτήρων,
724 1514 832 1578 Plauti
864 1516 1082 1596 Aululariam,
1114 1513 1352 1595 Mostellariam,

173 1620 408 1685 Curculionem.

263 1727 417 1811 Sequitur
440 1749 468 1811 p.
497 1731 567 1810 190,
579 1732 719 1810 8-224,
732 1732 774 1793 22
798 1729 933 1793 Romani
957 1730 996 1792 do
1019 1729 1172 1793 aduerbio
1196 1729 1349 1791 doctrina.

171 1822 373 1899 Praemissus
395 1841 442 1898 est
468 1836 577 1898 breuis
607 1839 863 1918 commentarius,
894 1839 956 1918 quo
980 1838 1178 1917 summatim,
1207 1834 1287 1918 quid
1311 1834 1352 1898 de

171 1962 234 2004 usu
258 1948 353 2023 atque
376 1942 548 2024 generibus
577 1942 802 2006 aduerbiorum
832 1944 1005 2007 dicendum
1034 1948 1130 2024 esset,
1161 1950 1268 2005 actum
1292 1946 1350 2004 est.

173 2046 236 2122 Qui
269 2050 517 2112 commentarius
549 2069 667 2132 magna
700 2056 852 2133 exparte
881 2054 912 2112 et
945 2050 1123 2113 disserendi
1152 2053 1182 2112 et
1211 2048 1350 2111 docendi

172 2153 371 2219 Palaemonis
394 2158 549 2219 rationem
572 2177 648 2240 prae
672 2177 706 2220 se
724 2157 790 2221 fert.
828 2156 956 2220 Etenim
981 2157 1130 2239 exempla
1148 2154 1352 2219 Palaemonis

171 2262 237 2324 ritu
259 2261 333 2325 ficta
356 2282 393 2326 ac
416 2265 534 2342 regulis
558 2265 683 2327 adserta
707 2269 796 2344 sunt3
822 2263 1050 2327 aduerbiorum
1070 2262 1184 2326 deinde
1203 2262 1352 2346 singulae

172 2371 295 2451 species
314 2369 424 2433 eodem
442 2370 508 2433 fere
532 2372 645 2434 ordine
669 2371 853 2454 eisdemque
872 2369 1161 2454 significationibus
1181 2388 1352 2452 exponun-

171 2482 241 2554 tur;
279 2475 482 2540 Palaemonis
520 2478 675 2540 dictiones
711 2478 784 2540 illac
820 2477 1074 2560 frequentantur.
1136 2476 1203 2540 Nec
1238 2482 1348 2541 tamen

172 2583 319 2665 exempla
350 2585 424 2662 ista,
459 2586 608 2665 quoniam
643 2583 806 2647 Charisius
838 2583 965 2666 plenam
999 2583 1138 2646 Remmii
1171 2584 1349 2647 doctrinam

173 2763 386 2771 ,-.------

175 2883 252 2938 Certe
280 2885 351 2936 inter
378 2886 469 2952 aptota
496 2885 606 2938 nomina
633 2885 749 2953 pluralia
772 2886 925 2954 posuimuS,
955 2885 1040 2939 secuti
1067 2885 1210 2954 praecepta
1227 2883 1352 2952 magistri

173 2974 267 3028 nostri.
305 2973 360 3026 Alii
378 2974 449 3026 inter
467 2976 624 3042 pronomina
642 2966 806 3042 posuerunt.³

263 3062 372 3131 Spectat
391 3065 582 3132 grammaticus
601 3065 635 3118 ad
654 3063 803 3117 doctrinam
828 3079 904 3115 suam
929 3063 955 3114 in
976 3063 1042 3116 libro
1062 3063 1176 3116 Charisii
1193 3063 1207 3116 Ι
1225 3079 1249 3130 p.
1270 3065 1313 3129 36,
1334 3066 1352 3114 6

172 3152 315 3220 prolatam:
335 3147 415 3205 ‘Sunt
433 3155 565 3220 quaedam
580 3153 721 3221 pluraliter
734 3153 840 3204 tanturn
855 3154 1010 3218 monoptota
1023 3151 1217 3205 communiam
1229 3151 1352 3204 numeris

173 3242 269 3309 posita,
289 3243 366 3294 uelut
384 3244 423 3294 tot
442 3245 507 3309 quot
526 3242 630 3310 aliquot
650 3243 788 3309 quotquot.
826 3240 900 3293 Haec
919 3240 964 3293 alii
982 3257 1096 3308 posuere
1115 3241 1184 3292 inter
1197 3232 1351 3305 aduerbia’;

176 3331 220 3383 liis
233 3331 300 3383 adde
313 3347 382 3398 quae
397 3333 469 3398 apud
482 3335 674 3398 excerptorem,
689 3329 735 3398 qui
748 3329 900 3383 accuratius
913 3329 965 3382 hac
978 3334 1053 3397 parte
1068 3329 1236 3383 Palaemonis
1249 3329 1351 3384 doctri.-

173 3435 236 3472 nam
252 3419 401 3488 descripsit,
416 3437 440 3487 p.
454 3426 513 3483 1151,
530 3425 560 3472 21
577 3422 683 3488 praeter
700 3419 753 3473 alia
768 3421 925 3472 occurrunt:
943 3412 1028 3471 ‘Haec
1044 3418 1091 3472 alii
1105 3419 1177 3472 inter
1192 3418 1353 3486 pronomina

174 3510 331 3574 posuerunt,
352 3509 398 3561 alii
417 3509 489 3562 intor
507 3501 651 3563 aduerbia.²
672 3540 705 3548 -
725 3509 857 3562 Christius
876 3509 894 3561 l.
913 3509 930 3560 l.
951 3526 975 3576 p.
998 3512 1048 3562 rm
1067 3509 1150 3561 uerba
1167 3508 1226 3562 illa:
1252 3501 1354 3562 ‘secuti

171 3599 317 3664 praecepta
340 3598 463 3667 magistri
486 3591 584 3652 nostri'
609 3614 625 3651 a
647 3598 768 3652 Charisio
793 3599 911 3665 profecta
935 3613 995 3651 esse
1019 3598 1146 3664 coniecit3
1174 3613 1262 3665 neque
1285 3614 1354 3651 uero

173 3685 242 3737 mihi
270 3688 412 3754 persuasit.
450 3688 472 3740 Ε
499 3705 590 3740 rerum
619 3689 747 3741 contextu
776 3688 848 3739 enim
877 3687 943 3740 satis
971 3689 1062 3755 patere
1092 3687 1255 3754 putauerim,
1283 3687 1354 3741 haec

172 3775 256 3829 uerba
275 3793 291 3830 a
309 3776 428 3830 Charisio
449 3777 537 3830 aliona
555 3793 622 3830 esse.
660 3780 700 3830 Ac
719 3794 753 3830 ne
772 3778 822 3830 hoo
842 3777 951 3844 quidem
970 3792 1019 3829 nos
1038 3775 1169 3840 monebit,
1192 3776 1262 3844 quod
1282 3775 1353 3829 Sue-

172 3865 264 3918 tonius
289 3865 475 3919 Palaemonem
500 3870 673 3935 praeceptore
700 3882 781 3919 usum
806 3881 865 3918 esso
891 3881 944 3918 non
968 3865 1086 3918 tradidit.
1129 3865 1237 3918 Eonim
1262 3882 1351 3934 gram-

172 3954 303 4007 maticum
322 3971 381 4008 eam
400 3956 555 4025 doctrinam,
576 3973 645 4024 quae
664 3957 736 4022 apud
755 3954 909 4023 posterioris
929 3954 1024 4007 aetatis
1044 3955 1232 4023 grammaticos
1252 3957 1352 4009 exstat.

172 4060 227 4097 non
255 4061 289 4097 ex
321 4061 349 4098 se
380 4061 534 4112 procreasse
564 4062 614 4099 neo
642 4040 719 4098 ‘dum
751 4044 895 4097 comitatur
925 4043 1017 4096 erilem
1045 4043 1133 4096 filium
1160 4044 1186 4096 in
1217 4037 1354 4098 scholam’

173 4134 338 4204 (Suetonius)
358 4134 492 4202 didicisse,
508 4134 555 4187 sed
574 4135 685 4186 docendi
703 4135 841 4187 auctorem
853 4133 981 4186 habuisse
994 4134 1167 4201 perspicuum
1181 4134 1230 4187 est.
1256 4131 1354 4201 Neque

172 4226 262 4277 tamen
283 4227 330 4277 aut
348 4226 419 4292 apud
439 4222 593 4277 Charisium
612 4225 660 4277 aut
677 4223 752 4291 alibi,
780 4222 906 4291 quamuis
927 4222 1126 4292 inuestigarim,
1152 4223 1299 4291 quicquam
1318 4223 1354 4277 do

172 4312 339 4367 Palaemonis
358 4315 528 4381 praeceptore
547 4313 664 4380 reperire
683 4312 766 4380 potui.
