3052 4958
658 301 877 363 ..40-

174 477 300 539 ritatem
324 477 528 559 speciemque
551 495 626 560 prae
646 496 680 540 se
698 476 767 556 fert,
792 495 874 559 quae
893 478 928 538 in
946 477 1119 559 principem
1138 475 1198 539 sub
1219 473 1352 538 Claudio

174 585 418 666 grammaticum
441 584 615 646 conueniat
637 602 945 666 nonnumquamqne
968 584 1062 646 etiam
1081 585 1188 666 inepta
1205 582 1355 645 uideatur

175 709 251 753 esse.
297 689 379 753 Nam
410 691 512 753 omnis
540 689 624 753 liber
652 691 801 772 quamuis
829 692 977 773 egregius
1003 692 1186 773 optimeque
1210 688 1353 772 digestus

175 797 202 859 si
227 797 372 860 ordinem
401 797 472 860 aliis
500 798 661 860 translatis
690 796 760 859 aliis
789 798 915 859 omissis
948 797 1107 878 dissoluis,
1138 798 1355 879 corrumpitur

174 905 405 985 grauitateque,
436 922 516 986 quae
546 905 580 965 iu
608 923 644 966 eo
674 905 782 986 fuerit,
812 905 965 986 priuatur.
1013 902 1106 979 Quod
1134 922 1197 986 quo
1225 903 1355 985 longius

94 1084 97 1089 Ι
174 1013 318 1092 prouecti
346 1012 475 1090 erimus,
504 1029 541 1074 eo
569 1013 672 1094 magis
700 1010 864 1094 apparebit
890 1030 956 1074 non
978 1012 1144 1073 minimam
1166 1016 1286 1093 partem
1312 1028 1355 1072 ex

175 1135 220 1198 eo,
251 1118 335 1199 quod
365 1119 512 1200 seqnitur
540 1119 641 1201 capite
664 1118 740 1181 XV.
788 1118 850 1181 Sed
877 1119 1065 1201 priusquam
1091 1118 1152 1179 hoc
1181 1122 1276 1200 caput
1299 1117 1355 1178 ad-

174 1224 369 1305 grediamm,
394 1226 699 1307 cirerunspiciamns,
719 1225 833 1308 quide
852 1223 1071 1308 superioribus
1090 1222 1172 1285 XIV
1197 1223 1356 1315 capitibus

174 1330 213 1393 de
237 1331 365 1393 dicendi
389 1331 589 1414 docendique
613 1332 814 1395 Palaemonis
836 1334 958 1395 ratione
978 1332 1231 1413 cognouerimus.
1263 1329 1356 1405 Quae

173 1439 254 1500 ratio
289 1439 438 1520 quamuis
471 1440 626 1502 uniuersa
660 1440 771 1502 cadom
804 1440 858 1519 sit,
893 1458 990 1521 quam
1022 1458 1119 1520 supra
1153 1459 1181 1521 p.
1212 1439 1355 1500 21—28

175 1544 284 1626 docui,
317 1550 425 1608 tamen
458 1547 613 1628 quoniam
647 1546 709 1608 alia
741 1547 812 1609 aliis
844 1546 1027 1626 firmantur,
1063 1546 1256 1627 grauissima
1287 1563 1354 1606 non

173 1652 455 1734 praetermittenda
487 1652 647 1716 uidentur.
694 1653 742 1716 Ea
774 1658 894 1729 autem,
923 1671 1005 1735 quae
1032 1670 1122 1714 nunc
1145 1650 1184 1714 de
1210 1650 1355 1715 Charisio

174 1756 374 1820 delibaturus
407 1778 490 1835 sum,
528 1754 646 1822 similia
683 1761 768 1843 apud
801 1764 1019 1842 excerptorem
1052 1757 1355 1842 deprehenduntnr;

176 1883 313 1945 quorum
345 1884 449 1946 pauca
482 1866 621 1947 exempli
650 1868 753 1948 gratia
782 1866 905 1930 addam.
952 1864 1038 1928 Nam
1066 1870 1097 1928 et
1126 1870 1293 1947 excerptor
1317 1869 1356 1927 ut

60 1976 63 1983 '
175 1968 338 2033 Charisius
367 1989 415 2053 ea,
447 1990 528 2053 quae
556 1973 676 2054 recepit
703 1991 720 2034 o
744 1972 946 2036 Palaemonis
969 1972 1061 2048 libro,
1092 1974 1265 2056 praecipua
1287 1970 1354 2034 fido

173 2077 299 2159 recepit.
345 2076 459 2160 Itaque
489 2080 564 2161 quia
591 2079 673 2142 alter
701 2079 837 2142 altorum
865 2099 931 2142 non
958 2081 1087 2162 pressit,
1115 2079 1169 2142 nel
1201 2100 1220 2142 a
1247 2079 1354 2162 primo

175 2184 383 2247 statuendum
406 2190 454 2248 est
477 2206 496 2248 a
519 2192 633 2249 neutro
657 2205 708 2263 ea,
733 2205 815 2269 quae
838 2205 1013 2269 proponam
1037 2191 1106 2248 orta
1129 2205 1207 2250 esse.

263 2292 294 2353 A
317 2292 472 2356 ueniendi
500 2293 600 2356 uerbo
623 2293 678 2356 illo
702 2293 858 2357 dictiones
880 2293 972 2356 fictae
996 2297 1071 2356 sunt
1098 2293 1172 2355 hae:
1202 2286 1252 2354 ‘in
1280 2294 1354 2354 uni-

175 2402 272 2461 tatem
295 2394 424 2463 uenire²
446 2421 476 2483 p.
491 2402 595 2481 13,28
616 2406 647 2463 et
669 2394 797 2464 ‘uenire
821 2395 910 2463 cum'
928 2422 957 2483 p.
976 2402 1026 2480 13,
1036 2402 1078 2463 29
1102 2419 1172 2483 pro:
1198 2400 1355 2483 coniungi

175 2523 263 2583 cum3
296 2499 425 2569 ‘uenire
456 2499 511 2568 ex'
544 2527 572 2589 p.
598 2508 712 2587 22,12
743 2526 816 2589 pro:
850 2507 999 2584 transire3
1033 2499 1092 2569 ‘ex
1124 2506 1355 2589 compositione

175 2605 302 2674 uenire'
325 2633 354 2694 p.
379 2615 436 2689 24,
453 2616 493 2675 13
511 2633 518 2674 :
535 2615 665 2693 540,10
683 2633 756 2696 pro:
783 2615 944 2697 componi,
967 2607 1097 2676 ‘uenire
1114 2608 1165 2676 in'
1183 2634 1212 2696 p.
1237 2615 1289 2690 25,
1300 2615 1355 2694 29,

176 2720 231 2796 33,
257 2719 338 2799 26,3
362 2739 433 2802 pro:
454 2718 555 2781 finiri:
579 2712 634 2782 ‘ex
653 2721 879 2783 communione
898 2714 1024 2783 uenire'
1047 2741 1076 2802 p.
1097 2723 1192 2801 27,13
1206 2742 1211 2781 :
1225 2721 1354 2799 541,19

174 2844 247 2906 pro:
272 2827 398 2908 generis
419 2828 598 2890 communis
622 2846 705 2906 esse;
730 2829 822 2891 item:
847 2821 921 2911 ‘per
943 2828 1202 2890 communionem
1225 2821 1357 2889 uenire'

174 2952 204 3014 p.
218 2933 323 3013 28,27
336 2955 342 2995 :
356 2936 496 3015 541,31,
521 2928 571 2996 ‘in
591 2937 825 2998 extrenritatem
844 2929 970 2998 uenire'
988 2956 1017 3017 p.
1034 2937 1085 3016 25,
1097 2936 1138 2997 32
1157 2954 1228 3017 pro:
1247 2933 1353 3014 finiri,

174 3039 224 3102 his
248 3041 378 3104 additur
400 3026 616 3105 ‘extremitas'
639 3043 708 3125 ipsa
730 3043 871 3124 p.19,8;
893 3044 989 3122 24,4,
1011 3044 1062 3123 25,
1073 3045 1125 3124 24,
1151 3061 1232 3124 quae
1254 3064 1284 3126 p.
1298 3044 1355 3120 42,

175 3150 217 3211 35
230 3170 236 3210 :
249 3152 323 3229 544,
334 3152 377 3212 34
400 3151 497 3213 etiam
518 3143 647 3212 ‘elatio'
671 3148 756 3211 diota
780 3154 834 3211 est.
855 3186 896 3192 -—
916 3148 1077 3211 Efferendi
1096 3148 1234 3212 uerbum
1254 3151 1356 3233 signi-

174 3255 330 3333 ficatione,
346 3276 440 3338 qnam
456 3276 551 3338 supra
563 3277 592 3338 p.
604 3257 643 3317 21
660 3256 780 3335 monui,
791 3254 1025 3318 duodetriciens
1036 3258 1187 3319 occurrit:
1203 3279 1232 3340 p.
1244 3259 1355 3338 19,14,

178 3366 233 3440 17,
254 3364 372 3443 20,14,
394 3364 633 3443 21,],4,9,17,
655 3364 774 3440 2218,
795 3363 914 3442 23,.31,
935 3365 1238 3444 24,4,5,7,23,26,
1258 3365 1355 3444 25,1-,

177 3471 296 3550 16,13,
317 3471 410 3550 27,2,
424 3471 479 3546 16,
500 3471 597 3548 29,2,
619 3471 718 3550 35,1,
739 3470 837 3551 38,3,
858 3472 1018 3550 41,1,16,
1039 3473 1138 3551 42,1,
1158 3474 1211 3548 43,
1225 3473 1280 3554 16,
1299 3475 1355 3554 44,

176 3578 232 3655 27,
253 3578 306 3656 48,
317 3578 346 3641 8.
382 3577 600 3640 Accusatiuus
621 3565 722 3658 casus,
748 3594 844 3658 quem
867 3576 1056 3659 plerumque
1078 3583 1174 3640 uocat
1195 3599 1355 3661 gramma-

175 3683 267 3762 ticus,
289 3674 525 3746 ‘incusatiuus'
550 3683 726 3767 appellatus
751 3689 799 3746 est
821 3704 850 3766 p.
872 3686 922 3765 17,
934 3687 952 3745 7
961 3707 968 3761 ,
989 3685 1041 3765 20,
1054 3687 1082 3765 1,
1095 3687 1135 3746 15
1148 3707 1153 3746 :
1166 3687 1240 3766 538,
1250 3686 1281 3766 2,
1293 3687 1354 3766 16,

176 3790 227 3865 29,
241 3791 299 3851 17;
317 3791 390 3871 542,
406 3791 462 3869 24,
483 3793 625 3872 47,15.1)
649 3829 691 3835 -
715 3789 891 3853 Nominum
915 3791 1151 3873 declinationes,
1175 3793 1258 3855 sicut
1280 3811 1355 3855 uer-

174 3895 291 3958 borum
315 3898 566 3981 coniugationeS,
590 3917 663 3962 cum
687 3890 849 3960 ‘ordines'
872 3918 901 3981 p.
928 3898 978 3977 18,
990 3900 1048 3976 7,8
1056 3918 1064 3974 ,
1084 3899 1136 3975 21,
1152 3901 1188 3977 3,
1209 3901 1261 3981 23,
1276 3901 1354 3980 3,6,

266 4163 286 4232 ¹)
311 4162 430 4217 Casuum
448 4163 557 4218 nomina
574 4180 589 4217 a
607 4163 718 4218 Graecis
737 4164 895 4231 deprompta
914 4164 976 4215 sunt
995 4163 1179 4232 grammaticis
1198 4164 1231 4219 cl.
1249 4164 1355 4233 Diony-

175 4252 233 4305 sius
247 4269 272 4321 p.
283 4256 326 4321 36,
342 4259 370 4307 51
390 4249 515 4312 Πτώσεις
528 4245 674 4325 ὅνομάτων
687 4253 842 4306 cicladum·
863 4243 944 4326 ὀρθή,
962 4251 1066 4324 perrari,
1087 4249 1187 4324 δοτική,
1208 4253 1355 4326 αἰτιατική,

164 4339 291 4409 xlptcxp'.
