3052 4958
624 497 842 557 -77-

142 673 275 736 ostendi.
322 671 558 736 Commentario
582 676 690 734 autem
713 665 764 734 tde
784 664 911 735 11116116>
934 672 996 753 1111,
1022 691 1118 753 quem
1138 692 1157 734 a
1177 671 1317 735 Charisia

142 786 174 844 61
201 801 219 843 6
248 778 401 843 Dositheo
435 798 477 842 ex
509 797 575 840 uno
609 778 786 860 eodemque
817 778 904 840 fonte
935 778 1087 841 haustum
1119 797 1188 842 esse
1221 799 1318 863 supra

140 909 169 971 p.
193 889 236 952 29
256 907 302 970 sq.
327 886 504 966 docuimus,
529 889 681 967 quattuor
704 886 807 968 capita
829 889 897 947 arte
918 885 1002 947 inter
1026 905 1059 949 66
1082 905 1205 949 conexa
1227 907 1318 970 prae·

140 996 239 1058 missa
258 999 349 1057 sunt:
374 986 438 1055 ‘De
462 997 528 1054 arte
551 993 756 1074 grammatica
765 986 782 1068 ³,
804 983 870 1054 ‘De
893 985 1098 1074 accentibus',
1120 985 1318 1057 ε1161116111·

142 1095 266 1180 ctione',
293 1094 358 1162 ‘De
380 1091 479 1162 uoce'.
526 1097 566 1160 In
588 1103 747 1181 postremo
775 1100 860 1161 enirn
887 1100 989 1181 capite
1016 1101 1119 1181 primo
1149 1121 1179 1183 p.
1203 1103 1313 1182 377,1

142 1209 309 1291 dispositio
340 1209 417 1270 artis
447 1207 673 1289 grammaticae
702 1210 824 1288 prostat
849 1205 935 1268 talis:
967 1197 1069 1268 ‘Artis
1092 1210 1319 1288 grammaticae

141 1315 232 1377 initia
264 1314 304 1376 ab
338 1314 502 1377 elementis
534 1315 686 1393 surgunt,
723 1311 878 1374 elementa
912 1311 1093 1393 figurantur
1124 1315 1157 1376 in
1189 1313 1319 1394 litterae,

141 1423 265 1485 litterae
297 1425 460 1504 coguntur
491 1420 526 1481 in
559 1418 708 1499 syllabas,
740 1418 873 1498 syllabis
905 1419 1183 1501 comprehenditur
1216 1420 1320 1501 dictio,
1347 1481 1349 1485 ,

144 1529 298 1591 dictiones
331 1532 492 1610 coguntur
523 1527 556 1587 in
590 1531 695 1608 partes
725 1526 885 1605 orationis,
919 1527 1017 1588 oratio
1045 1527 1080 1588 in
1113 1529 1252 1590 uirtutes
1283 1547 1320 1590 ac

142 1636 223 1698 uitia
246 1625 434 1697 deseendit'.
483 1630 572 1706 Quae
596 1632 759 1714 dispositio
782 1633 817 1693 in
841 1634 896 1712 eis,
920 1652 1002 1714 qnae
1026 1639 1215 1716 sequuntur,
1234 1641 1320 1698 tene-

143 1749 204 1805 tur.
251 1741 430 1825 Excipiunt
458 1740 544 1802 enim
573 1757 642 1801 6666
670 1740 788 1821 capita:
821 1730 886 1801 ‘De
913 1734 1047 1821 litteris,
1077 1733 1321 1823 ε1166111161116,

144 1844 209 1911 ‘De
234 1842 392 1929 dictione',
420 1841 486 1910 ‘De
510 1846 653 1908 oratione
677 1847 746 1908 siue
770 1847 921 1908 orationis
944 1842 1108 1929 partibns'.
1156 1846 1245 1922 Quae
1269 1869 1320 1911 ca-

148 1957 212 2037 pita
236 1976 254 2017 a
278 1953 420 2016 Charisio
452 1958 483 2016 et
511 1973 530 2014 a
552 1950 706 2038 Dositheo
735 1953 847 2016 eodem
879 1953 989 2016 ordine
1015 1955 1138 2037 prolata
1166 1975 1185 2017 a
1212 1955 1320 2018 Palae-

147 2079 239 2124 mone
267 2066 392 2143 sumpta
419 2079 488 2123 esse
517 2080 613 2142 supra
642 2080 670 2142 p.
695 2061 737 2122 29
762 2079 830 2142 sqq.
860 2060 1086 2123 demonstraui.
1133 2060 1222 2136 Quae
1247 2081 1318 2124 cunr

146 2170 187 2230 ita
211 2169 287 2245 sint,
311 2172 348 2230 ut
372 2167 535 2249 dispositio
560 2167 635 2228 artis
658 2167 885 2249 grammaticae
909 2187 928 2229 a
948 2166 1100 2231 Dositheo
1124 2169 1265 2231 indicata
1286 2169 1320 2229 in

143 2274 352 2357 sequentibus
377 2273 535 2356 capitibus
560 2273 723 2354 efficiatur,
755 2292 792 2335 ea
820 2279 925 2336 antem
953 2277 1057 2356 capita
1081 2294 1097 2337 6
1120 2275 1322 2338 Palaemonis

143 2382 224 2445 libro
248 2386 375 2462 recepta
398 2381 474 2461 sint,
503 2382 650 2462 sequitur
673 2398 742 2442 esse
765 2385 796 2442 et
818 2382 958 2462 primum
984 2374 1050 2444 ‘De
1074 2387 1141 2444 arte
1163 2402 1322 2464 gramma-

142 2482 220 2551 tica'
254 2492 350 2570 caput
380 2507 422 2549 ex
450 2487 559 2550 eodem
587 2487 670 2577 libro
698 2488 846 2570 petitum,
878 2488 995 2552 deinde
1023 2508 1098 2551 cum
1125 2490 1263 2572 primum
1289 2497 1320 2552 et

145 2599 296 2678 quattuor
317 2595 373 2656 illa
391 2595 495 2676 capita
512 2592 715 2657 Palaemonis
734 2596 806 2676 sint,
829 2595 986 2677 reliquam
1006 2601 1113 2658 autem
1133 2596 1320 2671 doctrinam,

146 2702 231 2783 quod
255 2720 332 2762 mox
355 2701 541 2781 uiderimus,
565 2703 668 2764 eidem
693 2703 815 2764 auctori
834 2700 1007 2765 Dositheus
1032 2702 1152 2783 debeat,
1177 2702 1322 2765 ueritatis

144 2809 284 2890 speciem
310 2808 485 2869 maximam
512 2827 589 2890 prae
617 2828 651 2871 se
678 2809 769 2889 feret,
803 2809 889 2891 quod
919 2810 1033 2872 statuis
1062 2828 1130 2872 esse
1158 2815 1189 2872 et
1212 2828 1249 2872 ea
1272 2830 1322 2872 ca-

143 2916 223 2996 pita,
253 2933 335 2996 quae
362 2915 465 2996 primo
495 2922 526 2977 et
555 2919 706 2996 quattuor
736 2915 801 2977 illis
834 2915 991 2998 capitibus
1022 2917 1210 2998 interposita
1238 2921 1322 2997 sunt,

146 3039 186 3082 ex
215 3021 324 3084 eadem
355 3021 478 3103 origine
508 3021 611 3084 ducta.
660 3020 805 3084 Ceterum
837 3030 868 3085 et
896 3023 993 3084 dictio
1025 3028 1055 3085 et
1084 3023 1255 3105 dispositio,
1286 3029 1323 3085 ut

146 3125 333 3189 Palaemoni
360 3127 438 3188 haec
466 3127 655 3208 tribuamus,
683 3128 775 3192 nobis
808 3129 1009 3211 persuadent.
1064 3127 1184 3192 Graeca
1210 3130 1323 3211 lingna

147 3233 315 3315 diligenter
333 3233 475 3296 adhibita
495 3238 549 3297 est.
568 3271 606 3279 -
631 3233 719 3308 Quae
739 3241 889 3317 quattuor
907 3236 961 3298 illa
981 3237 1084 3318 capita
1103 3237 1249 3317 sequitur
1268 3237 1323 3299 do-

147 3341 248 3402 ctrina
270 3341 355 3424 apud
380 3339 559 3403 Charisium
582 3340 681 3403 uerbo
703 3341 769 3404 fere
793 3347 888 3405 tenus
907 3344 1080 3406 inuenitur.
1121 3340 1322 3424 1166166116-

145 3450 232 3512 niam
255 3450 372 3512 iterum
402 3453 566 3510 auctorem
590 3448 800 3511 demonstrari
828 3468 908 3531 opus
932 3468 998 3509 non
1022 3453 1081 3528 cst,
1110 3448 1167 3510 ubi
1195 3450 1322 3532 singula

145 3555 230 3638 apud
263 3554 444 3617 Charisium
477 3557 686 3635 reperiantur,
719 3556 890 3618 ostendam.
937 3557 1047 3637 Atque
1082 3574 1164 3636 quae
1196 3556 1272 3618 inde
1306 3577 1322 3618 a

144 3683 172 3745 p.
197 3664 271 3743 389,
293 3662 437 3742 7-407,
462 3664 515 3723 19:
543 3653 608 3723 ‘De
633 3662 784 3724 orationis
807 3655 972 3744 partibus',
999 3654 1325 3743 ε11616111116’,Ἴ16
1416 3650 1419 3655 ¹

144 3763 354 3853 pronomine',
376 3760 442 3830 ‘De
465 3761 577 3830 uerbo'
601 3788 619 3830 a
642 3766 792 3830 Dositheo
815 3768 1029 3851 proferuntur,
1054 3789 1091 3832 ea
1110 3770 1195 3851 apud
1218 3767 1324 3832 Chari-

145 3877 228 3938 sium
261 3876 373 3939 eodem
402 3876 512 3937 ordine
541 3896 569 3957 p.
593 3877 915 3956 152,1o--175,27
941 3880 1122 3938 occurrunt.
1169 3875 1231 3938 Hic
1259 3876 1324 3938 illio

147 3983 274 4065 quidem
299 3988 435 4064 uterque
460 3981 636 4045 doctrinam
659 3983 756 4065 paulo
780 3983 961 4045 accuratius
980 3983 1188 4064 transcripsit.
1225 3981 1323 4044 Nam-

147 4108 210 4171 que
243 4089 282 4152 ab
315 4090 393 4171 ipsis
426 4107 463 4151 ea
495 4089 603 4151 addita
636 4107 700 4150 ncn
735 4107 804 4151 esse
831 4107 887 4171 per
914 4095 1135 4171 excerptorem
1162 4089 1323 4172 probatur,

147 4197 203 4277 qui
237 4196 412 4258 doctrinam
444 4197 538 4257 istam
571 4196 748 4278 pleniorem
780 4196 916 4278 positam
949 4197 1099 4257 seruauit.
1155 4195 1324 4258 Praeterea

144 4300 316 4365 Dositheus
344 4304 378 4363 in
407 4303 552 4383 margine
580 4306 681 4364 artem
707 4303 742 4363 in
767 4301 920 4364 Graecam
951 4301 1096 4384 linguam
1123 4304 1227 4365 uertit.
1275 4302 1323 4367 116

145 4410 305 4492 participii
328 4413 435 4471 autem
459 4409 636 4491 praeceptis
660 4407 832 4472 Dositheus
856 4427 893 4471 ea
916 4402 983 4472 sola
1005 4409 1162 4492 recepisse
1185 4409 1322 4491 uidetur,

146 4534 165 4576 a
197 4515 314 4598 quibus
347 4514 548 4578 Palaemonis
581 4517 830 4579 commentarius
862 4517 989 4599 incepit.
1038 4512 1100 4590 Qui
1130 4535 1148 4577 a
1182 4514 1324 4579 Charisio
