3052 4958
699 307 918 369 ..30..

217 485 245 546 si
269 483 413 548 diuersos
445 483 548 547 fontes
581 483 747 563 adiissent,
777 484 889 547 eodem
917 483 1029 547 ordine
1056 502 1108 548 res
1131 485 1282 566 posuisse.
1328 481 1397 548 Sed

217 591 373 654 accedunt
396 590 465 653 alia.
504 590 614 654 Altera
637 591 732 672 enim,
752 609 848 673 quam
874 590 942 653 dixi
964 609 1037 673 pars
1061 609 1103 653 ex
1126 591 1237 655 eodem
1259 589 1351 673 libro,
1376 611 1398 655 e

218 716 282 780 quo
306 696 392 780 prior
413 696 524 760 hausta
548 703 603 761 est.
650 695 743 772 Quod
765 697 841 760 inde
859 696 1024 780 probatur:
1048 698 1187 781 primum
1206 697 1291 760 enim
1314 697 1397 760 alio-

216 825 289 868 rum
318 806 475 869 sententia
496 810 579 868 tacta
608 805 835 887 grammaticus
866 824 894 887 p.
922 806 1002 886 12,7
1027 804 1067 866 ad
1099 824 1189 868 suam
1211 805 1312 888 ipsius
1336 804 1398 867 do-

216 913 352 975 ctrinam
382 929 531 974 reuersus
563 911 717 994 quasdam
748 911 872 994 regulas
904 911 1026 974 eisdem
1056 910 1177 991 uerbis,
1209 909 1327 993 quibus
1356 911 1396 972 in

215 1020 321 1101 priore
350 1017 505 1101 particula
533 1018 661 1100 repetit,
694 1018 809 1082 deinde
840 1037 857 1082 e
889 1017 1026 1101 Vergilii
1055 1017 1163 1080 uerbis
1192 1009 1278 1081 ‘nox
1308 1010 1398 1080 erat'

215 1146 243 1208 p.
271 1127 321 1206 12,
331 1126 374 1187 20
398 1129 429 1186 et
449 1117 528 1187 ‘axe
552 1123 611 1187 sub
635 1119 789 1188 aetherio’
812 1145 840 1208 p.
863 1126 965 1206 12,21
991 1124 1137 1207 exempla
1156 1125 1293 1187 excitata
1316 1130 1399 1188 sunt

214 1223 314 1293 ‘nox'
333 1236 365 1294 et
383 1223 486 1293 ‘axis'
508 1251 537 1315 p.
560 1233 677 1312 11,22;
702 1234 831 1296 tertium
851 1232 937 1316 quod
956 1233 1182 1315 grauissimum
1201 1235 1257 1312 est,
1279 1223 1400 1294 auctor

215 1338 310 1401 huius
333 1337 505 1421 particulae
527 1359 556 1421 p.
584 1341 633 1420 12,
644 1340 686 1401 22
711 1338 750 1401 ad
770 1344 863 1424 caput
885 1337 935 1401 ΙΙΙ
957 1359 986 1421 p.
1009 1340 1089 1419 11,6
1114 1337 1226 1400 eodem
1244 1339 1398 1421 exemplo

216 1463 233 1509 e
257 1444 400 1528 Vergilio
425 1445 568 1509 exhibito
596 1446 724 1528 respicit
752 1446 874 1509 dicens:
902 1437 957 1507 ‘ut
984 1465 1079 1527 supra
1106 1463 1180 1506 cum
1209 1444 1249 1506 de
1276 1443 1398 1508 litteris

215 1552 419 1634 loqueremur
441 1546 665 1615 ostendimus'.
713 1550 799 1627 Quae
822 1572 897 1616 oum
919 1553 965 1616 ita
987 1552 1060 1634 sint,
1083 1556 1170 1614 utet
1191 1552 1277 1634 prior
1295 1551 1398 1616 huius

216 1659 328 1741 capitis
357 1659 524 1741 particula,
556 1679 652 1742 quam
676 1656 848 1722 Dositheus
876 1657 985 1723 eodem
1014 1659 1127 1721 ordine
1155 1657 1330 1738 admiserit,
1363 1665 1398 1722 et

215 1766 379 1849 posterior,
401 1767 520 1848 inqua
542 1765 767 1848 grammaticus
790 1764 831 1827 ad
854 1771 947 1849 caput
965 1765 1014 1827 ΙΠ
1033 1770 1068 1828 ut
1092 1785 1188 1828 suum
1205 1765 1397 1846 respexerit,

216 1889 257 1934 ex
281 1871 390 1935 eadem
410 1873 542 1954 origine,
567 1891 584 1935 e
604 1892 669 1955 qua
688 1877 780 1955 caput
799 1871 857 1953 III,
882 1872 977 1936 ducta
995 1873 1068 1953 sint,
1092 1872 1240 1954 sequitur
1258 1874 1290 1932 et
1306 1871 1396 1953 prio-

214 1996 282 2041 rem
307 1980 418 2062 oapitis
441 1980 543 2041 nostri
566 1978 752 2062 particulam
783 1986 815 2042 et
836 1979 1042 2062 posteriorem
1066 1981 1163 2042 unius
1183 1975 1397 2059 eiusdemque

215 2085 354 2148 auctoris
385 2105 455 2150 esse
479 2087 548 2149 eius
571 2086 740 2167 nimirum,
772 2087 887 2168 quise
919 2105 1014 2168 supra
1038 2085 1077 2148 de
1108 2085 1224 2148 litteris
1246 2083 1396 2146 locutum

214 2209 283 2254 csse
306 2193 479 2257 contendit.

304 2297 407 2382 Caput
429 2299 469 2382 V,
502 2302 588 2384 quod
621 2307 669 2364 est
699 2293 752 2365 ‘de
780 2293 936 2381 syllabis’,
968 2300 1085 2381 pariter
1114 2300 1150 2361 in
1177 2298 1257 2361 duas
1284 2302 1393 2381 partes

212 2426 241 2489 p.
268 2407 318 2487 13,
338 2408 518 2488 16-14,9
548 2415 579 2471 et
603 2430 631 2491 p.
655 2411 705 2489 14,
721 2408 873 2487 10-16,
889 2409 931 2468 27
952 2406 1094 2469 diuisum
1117 2412 1172 2469 est.
1218 2403 1394 2468 Dositheus

213 2532 323 2575 rursus
347 2515 447 2576 sclam
469 2516 607 2597 priorem
631 2515 805 2596 descripsit.
845 2512 884 2574 In
903 2532 968 2595 qua
989 2514 1216 2595 grammaticus
1238 2533 1267 2595 p.
1286 2513 1337 2592 13,
1348 2513 1393 2575 24

213 2619 253 2681 ad
273 2620 384 2701 capitis
403 2619 452 2682 IV
469 2621 675 2702 posteriorem
699 2619 889 2703 particulam
910 2620 1063 2682 recurrit:
1088 2611 1148 2682 ‘At
1165 2621 1193 2682 si
1217 2619 1298 2682 duae
1316 2635 1395 2680 con-

213 2731 360 2788 sonantes
391 2727 426 2788 in
454 2726 533 2789 duas
563 2727 703 2808 syllabas
734 2726 854 2790 fuerint
885 2726 1017 2808 diuisae,
1044 2746 1110 2789 non
1134 2725 1171 2789 fit
1203 2724 1394 2806 communis,

212 2831 269 2895 sed
290 2832 387 2914 longa
408 2838 446 2896 ut
469 2852 565 2917 supra
587 2828 778 2915 retulimus'
805 2834 928 2896 scilicet
950 2854 978 2916 p.
1005 2835 1128 2914 12,12;
1159 2833 1255 2898 simul
1279 2831 1394 2895 eadem

212 2939 357 3022 exempla
388 2942 502 3024 repetit
530 2941 566 3005 of.
594 2964 623 3027 p.
650 2945 700 3024 13,
718 2944 760 3005 25
778 2966 785 3004 :
803 2942 853 3022 12,
869 2942 906 3018 23
920 2943 983 3022 .13,
1001 2943 1043 3002 27
1061 2961 1067 3003 :
1089 2942 1204 3022 12,15.
1249 2938 1336 3021 Ergo
1361 2943 1396 3002 et

210 3045 288 3108 baec
319 3048 474 3129 particula
505 3068 547 3113 ex
580 3049 691 3113 eodem
722 3048 808 3110 fonte
835 3047 948 3110 hausta
980 3053 1040 3129 est,
1074 3066 1091 3110 e
1124 3067 1187 3130 quo
1216 3053 1309 3131 eaput
1332 3045 1397 3126 IV,

210 3152 311 3216 Adde
335 3155 420 3236 quod
446 3154 618 3220 Dositheus
646 3156 758 3219 eodem
791 3158 897 3217 tenore
928 3160 1093 3238 praecepta
1123 3155 1315 3237 compilauit.
1346 3191 1390 3200 -—

211 3259 251 3322 In
282 3261 380 3324 altera
411 3263 565 3345 particula
596 3263 821 3345 grammaticus
853 3262 993 3343 primum
1031 3263 1166 3325 aliorum
1199 3262 1392 3325 sententiam

209 3367 325 3431 leuiter
348 3369 490 3450 stringit,
516 3369 630 3431 deinde
652 3369 688 3430 in
712 3367 919 3451 sequentibus
941 3371 1066 3452 paginis
1089 3368 1264 3452 pleniorem
1283 3369 1389 3451 ipsius

212 3475 251 3536 de
280 3473 503 3538 communibus
536 3473 667 3554 syllabis
696 3474 872 3537 doctrinam
898 3474 1024 3557 profert.
1071 3474 1172 3551 Quam
1201 3473 1393 3559 particulam

211 3599 254 3644 ex
282 3580 407 3663 eodem,
441 3600 458 3644 e
489 3601 551 3664 quc
581 3587 612 3645 et
638 3583 743 3665 priora
772 3584 886 3665 capita,
918 3582 1000 3646 libro
1030 3588 1189 3666 receptam
1217 3600 1285 3646 esse
1311 3581 1393 3646 inde

210 3689 381 3770 noscimus
413 3689 498 3772 quod
527 3707 585 3752 sex
614 3689 729 3771 prioris
759 3689 921 3752 doctrinae
943 3690 1087 3773 exempla
1115 3690 1390 3772 redintegrantur3

211 3795 248 3857 cf.
266 3817 295 3879 p.
313 3797 567 3878 14,23;13,33;
590 3797 640 3877 14,
653 3797 850 3876 25:13,31;
874 3797 1389 3878 15,13:14,4;15,19:13,25:

214 3890 311 3983 12,2;
335 3904 589 3986 15,20;13,36;
613 3905 731 3984 15,31;
747 3905 796 3984 13,
807 3906 835 3966 5.
872 3902 968 3966 Nunc
990 3923 1147 3967 summam
1171 3903 1392 3966 subducemus

212 4029 336 4091 eorum,
369 4029 449 4093 quae
482 4012 704 4095 exposuimus:
738 4016 831 4093 caput
855 4009 885 4072 V
912 4012 1011 4092 igitur
1040 4011 1180 4073 eumad
1209 4014 1302 4093 caput
1329 4009 1391 4093 IV,

212 4122 305 4201 caput
332 4116 380 4179 IV
402 4118 542 4182 inuicem
570 4118 609 4180 ad
638 4123 731 4202 caput
752 4116 809 4180 III
837 4122 964 4199 spectet,
995 4117 1153 4200 sequitur:
1187 4116 1245 4198 ΙΙΙ,
1273 4115 1331 4197 IV,
1355 4115 1390 4178 V
1439 4138 1447 4148 ·

212 4225 314 4308 capita
341 4243 383 4288 ex
410 4244 474 4288 uno
505 4224 680 4308 eodemque
707 4223 793 4286 fonte
820 4221 961 4287 fluxisse.
1008 4222 1129 4300 Quodsi
1160 4229 1245 4288 recte
1278 4223 1389 4307 dispu-

209 4332 348 4394 tauimus
376 4333 438 4394 tria
463 4332 541 4396 haec
569 4333 672 4416 capita
697 4349 762 4394 uno
792 4335 899 4395 tenore
927 4350 969 4395 en
997 4331 1107 4396 eodem
1129 4330 1212 4394 libro
1235 4331 1390 4394 translata
