3052 4958
675 237 895 298 ..24-

193 413 386 495 Homerum,
414 436 442 498 p.
468 415 608 496 233,10,
624 414 667 478 20
691 419 816 497 poetam
844 407 916 475 κατ’
939 406 1050 497 ἕξοχήν
1077 419 1178 476 uocat.
1227 409 1370 485 Quorum

194 522 340 606 exempla
358 516 649 586 circumscribendo
668 522 807 585 declarat
829 521 984 584 librorum
1002 521 1095 583 titulo
1113 520 1207 582 modo
1227 517 1369 601 apposito

195 629 289 691 modo
323 630 447 692 omisso.
503 628 635 694 Praeter
670 648 750 710 quos
784 633 928 712 prostant
958 626 1126 691 Terentius
1157 647 1185 709 p.
1219 626 1293 706 227,
1317 624 1370 703 24,

9 804 11 811 ,
119 763 122 769 ·
194 733 1258 819 1111111111.228,10,0111111111ρ.259,251111111111111111
1281 736 1371 793 uete-

193 862 267 905 rum
291 842 419 907 dicendi
442 841 738 923 usmn,sa1111stius
761 863 789 925 p.
805 844 930 922 253,st
956 860 994 905 eo
1014 842 1147 904 consilio
1172 845 1216 918 ut,
1237 855 1368 921 quomo-

196 949 237 1012 do
262 968 326 1011 non
346 950 519 1014 dicendum
537 951 587 1030 sit,
612 950 846 1012 demonstretur
865 986 907 995 —
926 948 1066 1032 profecto
1089 948 1183 1030 pauci
1203 946 1371 1028 scriptores

196 1056 396 1120 adsentiente
415 1062 522 1119 tamen
536 1054 743 1137 Quintiliano,
764 1057 820 1138 qui
838 1055 863 1138 I,
878 1059 908 1137 4,
919 1056 962 1120 20
982 1055 1142 1118 adfirmat:
1166 1046 1247 1114 tAlii
1265 1057 1373 1114 tamen

196 1181 239 1224 ex
261 1162 383 1226 idoneis
407 1163 575 1226 dumtaxat
593 1163 776 1226 auctoribus
795 1167 865 1226 octo
883 1168 989 1247 partes
1004 1162 1155 1225 orationis
1172 1159 1271 1224 secuti
1288 1162 1372 1238 sunt,

196 1274 234 1332 ut
256 1268 460 1333 Aristarchus
484 1275 516 1333 et
538 1275 640 1334 aetate
663 1276 772 1333 nostra
794 1264 988 1333 Palaemon'
997 1271 1020 1349 1)

289 1375 576 1440 Grammaticorum
599 1377 780 1460 aequalium
798 1397 871 1440 rara
893 1378 1010 1440 mentio
1035 1375 1181 1455 occurrit,
1204 1374 1268 1436 nisi
1288 1370 1375 1455 quod

196 1503 226 1565 p.
249 1484 321 1564 187,
332 1484 388 1563 20,
409 1485 484 1565 225,
494 1486 598 1565 29,31
624 1483 749 1548 Plinius
773 1490 820 1547 ter
842 1484 991 1547 laudatus
1010 1488 1064 1547 est.
1099 1481 1271 1544 Palaemon
1289 1479 1377 1541 enim

197 1590 333 1651 istorum
356 1593 526 1654 sententias
549 1593 699 1655 uniuerso
722 1593 876 1674 respicere
900 1591 1066 1653 consueuit
1089 1610 1184 1652 suum
1206 1587 1306 1670 ipsius
1324 1585 1377 1646 iu-

199 1695 320 1758 dicium
341 1697 528 1779 plerumque
551 1698 747 1780 subiungens
770 1699 828 1759 ita:
850 1689 996 1779 ‘quidam
1018 1690 1147 1780 putant'
1170 1716 1198 1778 p.
1226 1696 1297 1774 187,
1313 1694 1376 1770 22;

196 1796 403 1866 ‘recentiores
422 1798 609 1866 uoluerunt'
630 1806 770 1884 18815,
788 1797 858 1866 ‘alii
876 1797 1074 1866 adiecerunt'
1097 1803 1168 1882 189,
1179 1803 1214 1879 63
1232 1793 1380 1882 tquidam

292 2049 312 2113 ¹)
332 2048 391 2103 Hoc
409 2049 468 2105 loco
483 2049 701 2104 Schottmuelleri
714 2051 874 2104 sententiam
887 2050 982 2119 paucis
1000 2049 1093 2103 uerbis
1111 2064 1268 2117 percensere
1285 2046 1378 2115 liceat,

201 2138 250 2206 qui
267 2137 285 2191 l.
305 2137 323 2193 l.
342 2156 368 2208 p.
389 2143 423 2194 28
442 2156 481 2208 sq.
501 2141 608 2208 propter
626 2139 787 2208 scriptorum
809 2139 928 2209 inopiam
951 2129 1132 2193 exhibitomm
1155 2138 1330 2191 uehementer
1348 2136 1380 2189 in

200 2226 390 2281 Palaemonem
407 2228 534 2284 inuectus
554 2232 598 2283 est
609 2230 723 2284 docendi
735 2229 794 2284 eius
805 2229 909 2284 ratione
922 2245 1018 2297 parum
1030 2229 1178 2297 perspecta.
1205 2229 1245 2280 Ac
1257 2226 1380 2294 primum

202 2316 312 2384 quidem
330 2317 501 2372 Palaemonis
530 2319 679 2373 doctrinam
706 2318 848 2372 ridiculam
876 2333 935 2372 esse
963 2317 1087 2386 equidem
1114 2333 1167 2370 non
1193 2315 1295 2369 inueni.
1333 2316 1380 2367 An

200 2404 349 2458 ridiculum
368 2407 538 2461 censebimus
557 2423 630 2476 esse,
650 2407 721 2476 quod
739 2407 817 2461 hodie
837 2407 898 2475 quis
917 2406 1014 2460 librum
1033 2405 1151 2473 aliquem
1171 2405 1380 2474 grammaticum

200 2494 231 2546 in
249 2509 330 2547 usum
349 2495 502 2549 scholarum
520 2496 678 2563 composuit.
716 2494 789 2562 Quid
801 2512 865 2549 uero
885 2496 1036 2564 scriptores,
1055 2510 1143 2547 nonne
1163 2496 1190 2547 et
1208 2510 1257 2548 nos
1275 2509 1380 2563 paucos

201 2583 236 2636 ad
254 2583 466 2637 confirmandum
484 2583 592 2637 dicendi
609 2599 691 2637 usum
710 2584 888 2638 adhibemus?
907 2584 956 2638 Est
974 2599 1038 2636 sane
1058 2583 1164 2652 egregie
1183 2599 1199 2636 a
1216 2582 1380 2637 Palaemone

201 2672 312 2739 factum,
332 2673 403 2739 quod
422 2674 490 2726 teste
509 2670 676 2738 Quintiliano
695 2689 730 2726 ex
748 2673 844 2741 paucis
863 2675 890 2726 et
907 2673 1011 2727 idoneis
1031 2676 1192 2726 consecutus
1212 2674 1253 2725 est
1272 2672 1381 2725 dicendi

202 2758 335 2813 rationem
354 2760 530 2828 scriptoribus
548 2762 643 2831 idque,
672 2762 744 2831 quod
772 2763 900 2832 reliquiae
924 2763 982 2817 eius
1001 2762 1159 2830 ostendunt,
1188 2778 1221 2814 ex
1249 2762 1302 2828 111,
1331 2760 1381 2829 qui

202 2847 283 2901 hodie
312 2864 418 2917 quoque
445 2849 474 2902 in
501 2851 603 2905 scholis
630 2852 825 2921 praeferuntur.
862 2855 905 2906 An
932 2868 976 2906 ars
1004 2851 1180 2922 grammatica
1206 2850 1234 2903 iu
1261 2866 1292 2904 eo
1321 2849 1380 2904 solo

204 2938 338 3007 uersatur,
356 2939 388 2991 ut
407 2940 531 3008 exempla
550 2943 718 3011 aggerentur,
738 2941 767 2995 id
785 2942 857 3011 quod
875 2941 1022 3010 Romanae,
1040 2941 1155 3009 Nonius,
1175 2940 1221 2994 alii
1240 2938 1381 2993 consecuti

202 3027 268 3080 sunt
285 3028 453 3096 grammatici
471 3028 673 3099 compilatores,
698 3033 744 3100 qui
767 3032 930 3099 scriptorum
948 3031 1039 3085 uerbis
1057 3030 1177 3099 undique
1194 3027 1327 3096 surreptis
1348 3043 1380 3081 ac

204 3116 263 3169 sine
282 3116 339 3171 ullo
357 3118 413 3172 1111
432 3119 543 3173 consilio
562 3119 740 3174 accumulatis
764 3120 967 3173 commentarios
993 3119 1096 3187 aliquot
1114 3118 1379 3173 consarcinauerunt.

203 3203 384 3274 Namque'et
411 3207 564 3262 Romanum
590 3208 759 3262 Palaemonis
787 3207 886 3260 librum
912 3207 1086 3276 compilasse,
1115 3208 1221 3276 quando
1250 3207 1283 3262 ad
1316 3222 1379 3260 eum

204 3310 313 3362 uenero,
333 3294 529 3352 demonstrabo.
576 3297 697 3363 Quorum
733 3297 883 3351 doctrinam
911 3297 963 3350 etsi
990 3297 1200 3365 haudquaquam
1228 3298 1380 3362 contemno,

204 3391 297 3436 tamen
314 3382 401 3438 multo
421 3385 506 3453 pluris
529 3387 662 3440 rationem
686 3386 810 3440 existimo
835 3402 942 3453 eorum,
970 3386 1017 3453 qui
1043 3403 1077 3439 ex
1102 3386 1223 3454 ipsorum
1247 3384 1380 3439 scientiae

204 3488 285 3540 penu,
305 3487 373 3540 quae
391 3472 499 3543 habent,
518 3491 550 3529 ea
567 3476 674 3530 tradant
691 3478 840 3544 praccepta.
878 3473 980 3540 Quodsi
998 3475 1026 3527 in
1044 3474 1091 3534 eis.
1111 3490 1181 3544 quae
1200 3477 1270 3544 apud
1284 3474 1380 3529 Chari-

204 3560 277 3615 sium
296 3564 417 3632 exstant,
444 3564 513 3619 ratic
531 3567 637 3618 tantum
655 3563 783 3633 loquendi
802 3564 953 3626 inuenitur,
983 3564 1040 3618 eius
1063 3565 1104 3618 rei
1130 3581 1213 3620 causa
1236 3566 1304 3620 haec
1329 3567 1379 3632 est,

200 3653 277 3721 'quod
296 3651 437 3707 Charisius
454 3670 509 3707 non
526 3647 634 3721 plenam
646 3652 815 3707 Palaemonis
834 3653 992 3722 doctrinam,
1011 3656 1059 3708 sed
1077 3669 1117 3722 ea,
1136 3670 1204 3723 quae
1224 3653 1283 3707 eius
1297 3653 1380 3707 aetati

205 3744 270 3810 apta
288 3743 316 3795 et
333 3737 535 3796 accommodata
552 3744 612 3796 uisa
630 3744 703 3810 111111,
721 3742 831 3811 recepit.
868 3742 940 3796 Nam
964 3745 997 3797 ut
1014 3760 1068 3797 non
1087 3744 1175 3798 dicam
1196 3742 1313 3797 Remmii
1331 3742 1379 3796 do·

205 3831 340 3899 11111111,
360 3833 490 3899 quaeest
510 3833 543 3886 de
561 3832 663 3885 ratione
682 3832 798 3900 dicendi,
816 3848 832 3886 a
850 3832 972 3886 Charisia
991 3831 1145 3886 mutilatam
1164 3848 1235 3900 esse,
1254 3829 1382 3900 loquendi

204 3921 335 3976 usum-in
353 3920 499 3989 scriptores
521 3920 713 3990 peruulgatam
739 3922 772 3975 ab
799 3937 830 3976 eo
853 3921 931 3990 plane
955 3912 1175 3990 praetermissum
1201 3937 1260 3976 1111
1287 3921 1381 3988 postea

204 4010 364 4064 uiderimus.
403 4008 559 4079 Spernenda
585 4013 627 4064 est
655 4011 739 4081 igitur
766 4027 797 4066 ac
825 4011 923 4066 futtilis
950 4011 1087 4064 iudicandi
1113 4011 1195 4080 ratio,
1224 4025 1277 4079 qua
1302 4025 1329 4063 u.
1354 4009 1380 4062 d.

206 4097 417 4154 Schcttmueller
441 4108 509 4154 usus
528 4101 578 4155 est.
617 4099 694 4166 Quod
719 4102 810 4155 autem
834 4100 1001 4169 Palaemoni,
1030 4101 1077 4168 qui
1100 4100 1249 4170 Vergilium
1274 4102 1382 4168 poetam

204 4189 378 4258 appellasset,
396 4188 549 4259 Vergilium
567 4205 622 4243 non
639 4191 734 4243 notum
747 4190 833 4244 fuisse
846 4189 959 4258 censuit,
978 4195 1038 4244 eam
1056 4189 1110 4243 uiri
1128 4190 1200 4244 docti
1218 4189 1382 4243 sententiam

204 4278 260 4332 iam
273 4277 389 4346 Schoell,
408 4277 478 4332 Mus.
492 4269 577 4332 Rhen'.
592 4282 635 4347 34,
650 4282 710 4346 630,
724 4280 791 4333 satis
802 4278 908 4342 refellit,
927 4280 959 4332 ut
974 4279 1053 4348 plura
1064 4279 1147 4333 uerba
1159 4279 1246 4333 facere
1265 4279 1380 4334 mittam.
