3052 4958
709 237 931 299 ..32-

227 412 349 477 fontem
376 411 505 493 adierit,
534 413 569 474 in
597 414 744 496 sequenti
772 418 878 476 autem
903 418 1037 495 uterque
1060 410 1261 476 Palaemonis
1283 412 1407 475 librum

228 519 443 602 descripserit,
473 538 551 582 num
579 519 780 584 censebimus
807 521 1030 603 grammaticos
1057 520 1093 581 in
1121 520 1183 600 eis,
1213 536 1292 603 quae
1314 539 1407 603 prae·
1442 580 1444 583 ,

228 625 358 708 cedunt,
390 645 470 709 quae
493 633 525 690 et
548 626 659 690 ordine
683 632 715 691 et
736 626 846 690 uerbis
869 628 954 689 inter
976 644 1010 688 se
1034 627 1245 706 conueniunt,
1273 626 1407 690 alterius

227 731 346 795 librum
377 734 579 817 inspexisse?
619 733 703 816 Non,
730 733 844 814 hercle,
876 733 940 794 nisi
963 731 1044 795 forte
1076 734 1300 815 grammaticos
1328 752 1408 796 con-

227 841 399 923 spiratione
432 842 569 924 quadam
606 843 641 904 in
672 838 911 904 transcribendo
942 857 1018 902 usos
1041 857 1111 903 esse
1147 844 1272 903 statues.
1317 837 1408 924 Ergo

228 949 307 1030 quin
334 946 494 1010 Charisius
518 947 557 1011 ab
581 948 674 1010 initio
698 945 898 1009 Palaemonis
921 945 1039 1008 librum
1064 946 1291 1029 compilauerit,
1310 945 1409 1010 dubi-

227 1055 288 1117 tari
312 1056 443 1118 omnino
466 1075 531 1118 non
554 1059 664 1139 potest.

318 1159 417 1244 Caput
440 1159 501 1243 Vl,
534 1160 619 1243 quod
651 1181 679 1244 p.
707 1161 756 1239 16,
772 1160 947 1241 28-17,5
980 1161 1016 1222 iu
1046 1151 1217 1223 ‘dictione'
1248 1165 1409 1239 uersatur,

229 1266 390 1330 Charisius
424 1273 455 1331 et
486 1266 658 1331 Dositheus
694 1266 792 1330 uerbo
824 1272 917 1331 tenus
952 1267 1038 1330 idem
1068 1267 1284 1349 prodiderunt.
1340 1266 1410 1332 De·

225 1375 434 1458 prehenditur
464 1375 542 1438 haec
579 1374 723 1437 doctrina
757 1374 818 1436 alio
848 1375 918 1437 loco
954 1394 982 1456 p.
1016 1374 1088 1454 153,
1109 1374 1263 1454 21-25,
1295 1374 1354 1438 ubi
1389 1396 1411 1438 a

228 1479 369 1544 CharisIo
392 1480 592 1546 Palaemonis
621 1488 719 1544 artem
747 1484 931 1563 usurpatam
960 1497 1036 1561 esse,
1061 1500 1133 1543 cum
1157 1481 1234 1544 illuc
1260 1482 1409 1565 perueni,

227 1588 460 1652 demonstrabo.
508 1587 607 1672 Caput
629 1587 707 1668 VH,
739 1607 810 1650 cnm
839 1585 963 1649 duobus
993 1586 1069 1649 solis
1096 1587 1245 1650 uersibus
1271 1579 1325 1651 ‘de
1353 1607 1409 1651 ca-

227 1689 332 1758 sibus'
355 1694 478 1775 referat,
502 1699 610 1758 tamen
629 1693 814 1757 Palaemoni
832 1693 973 1757 tribuere
996 1693 1082 1756 haud
1102 1694 1212 1757 dubito
1230 1698 1409 1778 propterea,

229 1801 314 1884 quod
330 1802 529 1864 accusatiuus
546 1820 637 1863 casus
654 1792 887 1863 ‘incusatqus'
905 1799 1078 1884 appellatus
1098 1806 1152 1863 est.
1182 1798 1284 1875 Quem
1303 1802 1409 1885 signi-

225 1908 343 1972 ficandi
366 1927 461 1971 usum
484 1909 520 1969 in
542 1906 768 1970 Palaemonem
792 1906 905 1970 cadere
928 1927 1023 1990 supra
1045 1928 1073 1991 p.
1095 1909 1138 1970 22
1162 1907 1263 1970 docui.

317 2014 434 2098 Capitis
463 2013 546 2077 VIII
578 2013 722 2076 doctrina
752 2005 805 2077 ‘de
836 2013 1008 2096 generibus
1040 2007 1226 2077 nominum'
1257 2015 1408 2099 inscripti

226 2122 313 2206 apud
337 2121 515 2185 Charisium
538 2142 566 2204 p.
594 2122 794 2202 153,8-20
823 2140 841 2182 a
863 2119 1054 2183 Palaemone
1079 2123 1211 2204 repetita
1234 2125 1296 2200 est3
1325 2122 1406 2185 item

224 2225 368 2294 ‘numeri
392 2235 424 2294 et
447 2223 650 2313 pronomina’
682 2229 793 2312 capitis
820 2219 871 2289 IX
904 2232 1077 2291 occurrunt
1108 2247 1136 2310 p.
1168 2229 1240 2308 153,
1256 2229 1298 2292 26
1327 2227 1405 2312 aql)

226 2377 269 2386 —-
292 2337 473 2420 Hucusque
495 2338 594 2419 igItur
617 2335 796 2399 Charisium
813 2334 1013 2399 Palaemonis
1032 2335 1207 2398 doctrinam
1233 2352 1405 2418 occupasse

226 2445 398 2510 enodatum
420 2443 558 2506 uideam.

316 2550 504 2633 Sequuntur
528 2542 672 2610 ‘ordines
704 2565 761 2610 seu
791 2541 1036 2610 declinationes'
1064 2548 1174 2630 capitis
1206 2546 1241 2610 X
1276 2545 1354 2610 inde
1388 2567 1408 2611 a

225 2678 254 2740 p.
286 2656 550 2737 18,7-30,25.
602 2651 695 2729 Quod
727 2658 822 2737 capnt
853 2673 872 2716 a
904 2652 1166 2718 Schottmuellero
1197 2655 1217 2717 l.
1250 2655 1270 2716 l.
1302 2675 1331 2738 p.
1364 2655 1406 2719 18

224 2767 353 2847 propter
381 2755 502 2824 ‘uelut'
533 2760 673 2823 maxime
704 2761 963 2824 coniunctionem
992 2759 1178 2824 Palaemoni
1208 2761 1407 2844 adscriptum

225 2874 281 2933 est.
329 2869 437 2951 Atque
469 2873 669 2952 argumenta,
703 2887 783 2951 quae
815 2868 961 2932 adhibuit
987 2869 1039 2932 uir
1068 2868 1180 2932 doctus
1208 2868 1248 2931 ad
1273 2866 1407 2932 demon-

225 2976 392 3039 strandum
416 2977 526 3061 capitis
550 2979 712 3039 auctorem
734 2975 815 3038 nihil
839 2980 894 3056 est,
920 2976 997 3059 quin
1021 2975 1159 3059 probem.
1205 2973 1275 3037 Hac
1297 2979 1406 3039 autem

225 3084 261 3145 in
284 3103 318 3147 re
341 3083 432 3147 aliter
454 3084 573 3164 iudico,
605 3081 691 3165 quod
720 3083 832 3145 statuit
854 3081 1061 3146 Remmianae
1090 3081 1251 3145 doctrinae
1274 3081 1407 3145 alterins

226 3192 427 3273 grammatici
451 3190 691 3253 obseruationes
714 3188 800 3251 haud
823 3207 909 3250 raras
932 3189 1136 3272 interpositas
1162 3207 1231 3252 esse
1257 3189 1316 3251 hac
1339 3207 1408 3252 una

226 3316 323 3360 cansa
355 3297 520 3376 adductus,
553 3295 639 3377 quod
671 3294 800 3358 tridens
831 3295 898 3359 fere
930 3296 1085 3380 exemplis
1114 3287 1185 3358 ‘ut'
1218 3296 1406 3359 coniunctio

226 3423 284 3486 pro
305 3396 429 3466 tuelut’
458 3402 635 3486 praeposita
663 3405 752 3465 esset.
800 3401 933 3466 Censuit
960 3405 1012 3466 uir
1040 3403 1152 3465 doctus
1179 3401 1199 3464 l.
1222 3402 1242 3464 l.
1266 3423 1294 3486 p.
1320 3403 1405 3483 8sq.

227 3509 461 3591 Palaemonem,
486 3510 634 3591 quotiens
657 3528 724 3571 non
747 3512 893 3573 ueterum
917 3511 1107 3593 scriptorum
1130 3508 1229 3572 uerba
1251 3507 1406 3591 laudaret,

226 3617 362 3680 sedant
390 3615 518 3698 singula
545 3615 645 3678 uerba
671 3617 706 3677 in
730 3615 912 3699 exemplum
938 3619 1067 3680 uocaret
1090 3620 1145 3678 aut
1166 3616 1235 3699 ipse
1259 3616 1408 3699 exempla

226 3722 289 3787 sibi
311 3722 455 3806 fingeret,
484 3714 607 3785 ‘uelut'
630 3723 858 3786 coniunctione
882 3742 918 3786 ea
941 3741 1064 3807 semper
1086 3722 1263 3785 induxisse.
1310 3719 1408 3796 Quod

227 3850 325 3914 quam
358 3830 475 3893 falsum
508 3833 607 3913 atque
643 3829 818 3893 absurdum
850 3831 905 3913 sit,
940 3830 1026 3893 facili
1062 3830 1189 3912 negotio
1224 3827 1408 3892 ostenditur

224 3937 328 4021 idque
359 3939 405 4002 eis
440 3938 617 4021 particulis,
655 3957 736 4020 quas
769 3935 930 4000 Charisius
961 3936 1145 4000 Palaemoni
1181 3937 1250 4020 ipse
1281 3933 1406 3999 tribuit.

226 4043 312 4108 Nam
335 4046 395 4109 etsi
416 4064 516 4129 paene
536 4044 624 4110 dolui
646 4063 698 4108 me
717 4050 844 4128 tempus
868 4063 904 4106 ac
927 4044 1066 4126 spatium
1088 4044 1219 4127 perdere
1241 4043 1278 4105 in
1295 4040 1407 4125 rebuS,

318 4276 339 4344 ³)
360 4273 393 4329 cf.
413 4289 483 4343 quae
501 4272 571 4328 infra
589 4274 622 4328 de
642 4273 730 4343 capite
747 4271 811 4327 libri
829 4272 943 4328 secundi
961 4273 1001 4328 VI
1019 4272 1141 4342 exposita
1158 4275 1231 4328 sunt.
