3052 4958
661 497 882 556 ,75-

484 669 522 736 Ι).
564 678 615 732 Do
638 678 728 733 libro
753 677 896 733 Charisii
919 681 1052 745 quarto.

267 795 306 857 ln
329 796 411 859 libro
435 795 492 878 IV,
524 797 580 878 qui
608 796 748 859 breuiter
771 797 809 859 de
831 798 920 859 uitiis
944 801 975 860 et
1001 797 1179 860 uirtutibus
1203 798 1355 859 orationis

173 903 285 984 refert,
319 903 481 966 Charisius
509 902 714 966 Palaemonis
748 908 848 966 artem
879 922 950 966 meo
980 904 1110 987 quidem
1141 903 1262 966 iudicio
1291 922 1355 965 non

173 1010 261 1073 adiit.
308 1009 424 1092 Neque
448 1011 534 1074 enim
557 1009 661 1072 ullum
683 1008 750 1072 fere
773 1011 940 1072 inuenitur
963 1010 1134 1092 indicium,
1159 1028 1221 1092 quo
1245 1009 1354 1073 Palae·

172 1118 276 1179 monis
296 1122 352 1180 aut
371 1117 467 1180 dictio
488 1121 543 1180 aut
562 1116 706 1178 doctrina
724 1114 897 1198 detegatur.
927 1116 1047 1180 Graeca
1065 1116 1176 1198 lingua
1195 1137 1355 1200 nusquam

173 1225 299 1287 conlata
331 1229 391 1306 est,
419 1225 453 1286 id
482 1223 568 1305 quod
595 1225 629 1284 in
656 1223 716 1284 hac
741 1222 905 1285 doctrinae
927 1228 1016 1306 parte
1039 1224 1169 1287 neeesse
1191 1224 1258 1288 fere
1280 1225 1351 1288 fuit.

174 1329 351 1413 Scriptores
385 1332 445 1394 etsi
478 1331 580 1394 eidem
611 1330 678 1392 fere
710 1328 845 1392 adhibiti
878 1337 967 1405 sunt,
1006 1351 1085 1413 quos
1118 1336 1149 1393 et
1181 1331 1355 1395 Palaemon

173 1436 332 1520 praeferre
351 1437 465 1500 solitus
484 1442 539 1514 est,
563 1442 669 1499 tamen
690 1455 727 1499 eo
747 1442 935 1518 argumento
955 1437 1021 1499 solo
1041 1439 1140 1499 11111111
1160 1438 1257 1502 huius
1276 1439 1352 1502 libri

174 1543 351 1606 doctrinam
373 1563 430 1627 pro
455 1543 703 1606 Palaemoniana
720 1563 787 1605 non
811 1542 1019 1606 uendiderim.
1059 1544 1303 1608 Schottmueller
1325 1547 1353 1609 is

175 1651 304 1732 quidem
328 1672 357 1734 p.
381 1653 421 1713 14
448 1652 580 1713 alteram
603 1655 726 1733 partem
751 1648 949 1731 CominianO,
977 1650 1108 1713 alteram
1131 1651 1274 1715 Romano
1299 1653 1352 1714 ad-

175 1757 264 1819 dixit.
313 1756 413 1819 Cuius
445 1758 636 1819 sententiam
670 1757 863 1838 exanimare,
897 1759 972 1839 quia
1001 1758 1053 1819 hic
1084 1756 1123 1820 de
1152 1757 1353 1821 Palaemonis

174 1862 321 1926 doctrina
350 1866 494 1946 quaestio
523 1883 588 1925 non
617 1868 676 1939 est,
711 1884 728 1924 a
756 1883 827 1926 mea
856 1865 1069 1947 disputatione
1098 1865 1237 1927 alionum
1261 1863 1353 1926 duco,

175 1969 289 2049 ltaque
313 1972 420 2034 statim
445 1970 485 2032 ad
507 1970 589 2032 libri
606 1970 636 2032 V
661 1970 837 2032 doctrinam
861 1973 998 2034 transire
1021 1971 1099 2033 milii
1124 1973 1223 2034 liceat.

482 2361 518 2424 Ε.
560 2368 610 2423 De
634 2368 722 2424 libro
748 2367 892 2424 Charisii
915 2368 1046 2435 quinto.

264 2484 327 2560 oui
359 2487 441 2548 liber
472 2507 500 2568 p.
532 2488 610 2567 291,
638 2488 792 2567 1-296,
820 2489 858 2550 18
891 2489 925 2549 in
958 2487 1166 2550 idiomatibus
1198 2493 1354 2549 uersatur.

174 2590 265 2666 Quae
293 2614 322 2676 p.
348 2595 422 2673 291,
444 2594 588 2674 1-292,
610 2596 649 2654 15
679 2598 819 2675 exstant,
850 2615 868 2656 a
892 2592 1153 2657 Schottmuellero
1178 2614 1207 2676 p.
1230 2596 1271 2657 10
1295 2594 1355 2656 Pa-

175 2698 310 2762 laemoni
335 2699 494 2781 adscripta
521 2704 612 2778 sunt3
646 2701 739 2763 ouius
767 2702 945 2763 sententiae
974 2703 1049 2783 quin
1082 2701 1244 2782 accedam,
1275 2701 1355 2762 nihil

175 2811 230 2869 est.
278 2805 400 2869 Verum
436 2808 531 2869 etiam
565 2809 621 2889 qui
654 2809 800 2890 sequitur
833 2809 1082 2870 commentarius
1115 2829 1132 2870 a
1162 2808 1355 2871 Palaemone

174 2902 344 2994 protectus
362 2918 417 2976 est.
464 2913 516 2975 Ab
540 2914 631 2976 initio
661 2916 747 2977 enim
778 2916 1003 2997 grammaticus
1036 2916 1174 2978 aliorum
1204 2915 1243 2978 de
1275 2915 1355 2976 idio-

176 3019 313 3083 matibus
339 3022 531 3083 sententiam
554 3025 707 3102 tangens:
731 3013 846 3101 ι111111,
870 3023 988 3102 inquit,
1011 3014 1119 3084 ‘etiam
1142 3024 1187 3085 ita
1210 3022 1249 3085 de
1272 3023 1354 3084 idio-

174 3128 315 3190 matibus
339 3128 459 3210 placuit
479 3121 630 3189 definire'.
665 3125 728 3189 Sed
748 3132 795 3189 est
817 3129 924 3209 potius
946 3129 1049 3209 ipsius
1072 3131 1353 3210 sententia,qua1n

175 3233 320 3296 aliorum.
366 3232 469 3296 Docet
492 3235 590 3315 enim,
621 3240 779 3315 quatenus
801 3235 835 3295 111
858 3232 971 3296 Latina
992 3236 1117 3317 lingua,
1142 3255 1224 3318 quae
1248 3255 1266 3296 a
1291 3255 1355 3298 ser-

175 3358 269 3401 mone
299 3338 420 3403 Graeco
453 3341 547 3422 plane
577 3341 717 3423 pendere
750 3341 911 3422 uideatur,
945 3348 1055 3405 contra
1086 3342 1352 3405 consuetudinem

176 3444 371 3510 Graecorum
398 3449 549 3510 idiomata
578 3449 654 3510 oriri
681 3449 813 3531 possint.
861 3446 931 3522 Quo
959 3448 1041 3510 facto
1066 3449 1172 3511 statim
1196 3449 1236 3510 ad
1259 3469 1354 3512 suam

175 3551 351 3616 doctrinam
379 3555 559 3616 reuertitur.
606 3553 787 3616 Nonnullae
815 3560 920 3617 autem
948 3556 1075 3638 regulas
1104 3556 1263 3638 siquidem
1288 3576 1353 3619 non

174 3659 215 3721 ad
246 3661 396 3740 uerbum,
428 3665 536 3722 tamen
567 3661 608 3722 ad
636 3663 826 3723 sententiam
855 3662 952 3724 simili
980 3663 1075 3725 modo
1099 3682 1116 3726 e
1139 3665 1244 3746 priore
1268 3683 1353 3725 oom-

175 3769 330 3830 mentario
354 3769 476 3850 repetit.
525 3765 633 3830 Oratio
658 3768 773 3830 deinde
797 3768 946 3850 expedita
970 3789 1006 3832 ac
1029 3770 1189 3852 perfacilis
1210 3770 1377 3853 protluit3.

174 3873 285 3955 regula
307 3874 453 3955 regulam
478 3875 604 3957 excipit.
651 3874 719 3937 lam
744 3874 820 3937 iude
844 3895 862 3936 a
884 3896 912 3957 p.
933 3878 1007 3957 293,
1029 3879 1048 3939 8
1072 3896 1176 3959 usque
1199 3878 1239 3940 ad
1258 3876 1354 3940 finem

173 3979 248 4041 libri
272 3980 474 4062 singulorum
498 3981 685 4044 idiomatum
709 3984 829 4065 species
849 4001 982 4045 casuum
1002 3984 1114 4046 ordine
1134 3985 1353 4068 explanantur.

174 4084 259 4149 Sunt
282 4088 377 4148 etiam
399 4088 539 4169 regulae,
564 4107 646 4170 quae
669 4090 734 4151 iam
758 4089 829 4151 aliis
851 4089 930 4151 locis
954 4089 1161 4153 adumbratae
1185 4092 1257 4156 sint.
1294 4088 1351 4153 Di-

175 4192 269 4255 oendi
294 4192 432 4274 donique
455 4214 558 4275 genus
577 4195 781 4258 Palaemonis
800 4200 855 4276 est,
879 4197 913 4257 id
933 4197 1017 4278 quod
1038 4199 1095 4279 qui
1114 4198 1209 4260 altius
1228 4199 1262 4259 in
1282 4199 1351 4260 eius

175 4298 352 4362 doctrinam
378 4300 590 4382 descenderit,
612 4303 707 4366 facile
729 4304 937 4385 perspexerit.

263 4407 314 4469 Ac
333 4427 420 4469 nuno
444 4408 575 4489 quidem
595 4407 794 4472 Charisianus
817 4410 1096 4492 grammaticarum
1115 4429 1224 4473 rerum
1244 4413 1350 4493 copias

173 4514 346 4577 relicturus
369 4533 484 4597 niagno
509 4534 602 4598 opere
627 4515 726 4597 dole0,
751 4516 837 4598 quod
859 4515 1046 4581 Remmiaua
1071 4517 1214 4579 doctrina
1234 4517 1273 4581 ab
1294 4518 1348 4580 illo
