3052 4958
676 284 897 345 ..44-

197 480 231 525 00
257 463 415 545 recepisse
440 460 603 525 Charisius
625 480 692 524 non
716 460 926 544 profiteretur,
950 465 1006 523 aut
1030 459 1070 522 ad
1092 459 1228 523 uerbum
1252 465 1307 522 aut
1334 459 1375 522 ad

197 570 388 632 sententiam
413 588 486 631 cum
508 566 646 630 Romani
671 568 815 630 doctrina
838 568 940 650 capite
963 565 1064 630 XVII
1090 568 1214 650 prolata
1237 585 1376 650 congru·

197 681 294 738 erent.
343 674 435 750 Quod
463 680 499 738 ut
523 674 767 751 demonstraret,
798 674 943 757 singulos
967 676 1108 756 capitum
1131 673 1196 736 XV
1220 679 1251 767 et
1273 671 1377 735 XVII

197 782 306 845 titulos
333 783 418 845 inter
446 801 480 846 se
508 783 744 845 consentientes
772 782 958 865 composuit.
1005 780 1219 858 1100001100,
1248 799 1332 863 quae
1356 801 1377 844 a

199 887 342 951 Charisia
364 891 435 972 ipso
460 889 568 953 addita
589 889 785 952 uiderentur.
1176 906 1177 910 ’

288 994 431 1070 Quorum
454 997 599 1059 uirorum
624 997 798 1059 sententias
822 995 963 1058 refellere
987 999 1122 1057 conatus
1141 1001 1189 1057 001
1208 992 1376 1076 Christius,

196 1102 310 1164 Philol.
343 1105 392 1183 18,
419 1122 449 1185 p.
476 1103 539 1163 122
566 1122 647 1185 sqq,
681 1104 738 1185 qui
771 1104 816 1165 eis
847 1102 934 1182 locis,
968 1103 1025 1184 qui
1057 1101 1200 1164 Romano
1233 1101 1271 1164 ab
1304 1102 1377 1184 ipso

198 1209 339 1299 Charisia
363 1209 619 1293 adsignarentur,
644 1211 786 1292 exceptis
809 1213 912 1272 totum
936 1213 1032 1292 caput
1051 1226 1093 1271 ex
1111 1227 1176 1270 uno
1197 1207 1377 1290 eodemque

196 1317 283 1378 fonte
311 1302 445 1378 fluxisse
474 1317 680 1379 existimauit.
728 1314 827 1379 Cuius
856 1321 1017 1379 auctorem
1047 1316 1117 1377 erui
1145 1333 1237 1399 posse
1262 1319 1378 1397 negat;

197 1423 259 1486 alio
278 1424 348 1486 loco
372 1444 401 1506 p.
424 1424 485 1486 169
511 1422 659 1486 Flauium
680 1422 816 1506 Caprum
841 1427 1002 1486 auctorem
1025 1423 1123 1486 fuisse
1147 1423 1294 1504 opinatus
1318 1425 1378 1485 est.

199 1529 346 1594 Ceterum
369 1531 497 1614 abipso
521 1532 581 1594 hoc
604 1535 742 1611 auctore,
767 1533 887 1614 quippe
912 1532 969 1613 qui
993 1531 1120 1612 saepius
1140 1549 1214 1592 cum
1230 1527 1378 1592 Romano

197 1644 399 1721 congrueret,
438 1639 575 1701 eundem
606 1637 725 1700 librum
757 1640 1016 1720 graumraticum,
1050 1655 1148 1719 quem
1180 1656 1199 1698 a
1230 1634 1377 1698 Romano

199 1744 405 1826 compilatum
430 1764 506 1808 esse.

285 1851 397 1933 Atque
422 1849 552 1914 ChrIstii
577 1851 615 1913 de
638 1849 751 1913 Flauio
777 1849 877 1933 Capro
907 1852 1094 1934 opinionem
1117 1869 1175 1914 suo
1198 1850 1268 1911 ime
1291 1848 1378 1910 refu-

196 1959 278 2021 tauit
306 1957 491 2038 Morawslri,
518 1957 627 2020 Herm.
653 1958 718 2022 uol.
744 1960 794 2039 11,
817 1978 845 2040 p.
871 1959 935 2021 339
960 1978 1031 2040 sqq.
1079 1956 1142 2033 1101
1166 1956 1290 2019 0001010
1314 1956 1378 2018 100

197 2066 299 2146 capIte
332 2084 406 2127 cum
436 2065 593 2148 excerptis
622 2070 652 2128 et
677 2085 751 2128 cum
774 2064 850 2127 libri
874 2063 1008 2129 Charisii
1030 2066 1127 2150 primi
1151 2065 1253 2146 capite
1276 2061 1309 2125 X
1335 2063 1376 2125 ad

197 2190 267 2234 eam
300 2172 447 2254 peruenit
480 2173 685 2254 sententiam,
717 2178 755 2235 ut
785 2173 914 2256 regulas
945 2173 1110 2257 generales
1135 2193 1153 2234 a
1183 2170 1378 2233 Palaemone

198 2278 359 2342 deriuatas
383 2298 452 2343 0000
475 2285 614 2363 putaret,
637 2278 818 2343 Romanum
843 2285 950 2343 autem
975 2281 1021 2343 eis
1044 2279 1120 2342 solis
1143 2279 1231 2358 locis,
1255 2275 1378 2359 quibus

197 2403 314 2447 nomen
338 2387 408 2448 eius
431 2385 611 2469 praefixum
637 2391 733 2468 esset,
757 2387 956 2468 exscriptum
980 2405 1056 2449 esse.
1103 2384 1192 2460 Quae
1214 2389 1379 2468 praeterea

198 2512 273 2555 eum
296 2490 432 2554 Romani
457 2493 602 2555 doctrina
625 2495 756 2556 nomine
781 2495 850 2556 eius
872 2513 938 2555 non
961 2492 1069 2555 addito
1095 2493 1319 2573 consentirent,
1339 2510 1380 2555 ea

198 2619 214 2659 a
245 2597 387 2660 Charisia
416 2616 457 2660 ex
483 2599 593 2661 eodem
620 2598 712 2680 libro,
743 2619 808 2682 quo
831 2599 995 2663 Romanus
1016 2619 1103 2684 ‘usus
1131 2604 1222 2680 00001,
1250 2603 1379 2681 sumpta

198 2723 274 2767 0000.
313 2702 412 2767 Cuius
434 2704 510 2767 libri
533 2710 694 2768 auctorem
718 2707 786 2768 erui
809 2725 902 2788 posse
922 2706 1044 2769 diffidit.
1084 2705 1193 2770 Certas
1218 2704 1378 2789 quasdam

197 2810 325 2891 regulas
349 2812 446 2874 etiam
469 2811 657 2876 Palaemoni
681 2813 814 2876 addixit.

286 2914 437 3000 Denique
456 2917 641 2983 Neumann:
664 2913 731 2984 ‘De
750 2920 847 2984 Plinii
867 2920 958 2984 dubii
981 2922 1137 2984 sermonis
1160 2912 1276 3000 libris,
1301 2918 1378 2982 diss.

197 3021 261 3086 Kil.
289 3026 383 3101 1881,
406 3023 473 3088 XV
496 3032 528 3090 et
550 3026 650 3089 XVII
677 3026 749 3091 libri
775 3030 872 3112 primi
899 3028 1055 3111 capitibus
1083 3029 1167 3090 inter
1192 3046 1226 3089 se
1250 3045 1379 3108 compa·

197 3132 275 3194 ratis
300 3131 434 3214 probare
453 3135 577 3197 studuit
599 3133 737 3197 Romani
759 3128 812 3199 ‘de
831 3127 993 3219 analogia'
1016 3135 1137 3198 librum
1156 3134 1377 3218 copiosiorem,

199 3257 297 3320 quam
331 3240 387 3321 qui
421 3240 506 3323 apud
539 3239 720 3304 Charisium
751 3242 961 3323 inueniretur,
994 3241 1094 3306 fuisse
1127 3260 1268 3324 eumque
1299 3262 1388 3326 prae.

198 3347 312 3409 ceteris
337 3344 480 3410 Charisia
504 3349 670 3410 materiam
693 3347 886 3431 praebuisse.

287 3453 362 3516 Iam
389 3452 490 3533 uides,
519 3459 718 3537 quantopere
748 3456 812 3518 uiri
844 3456 928 3518 docti
956 3457 1041 3519 inter
1070 3475 1104 3519 00
1133 3456 1315 3540 discrepent
1345 3463 1378 3521 01

199 3564 358 3642 quantum
385 3560 523 3642 intersit,
556 3566 593 3624 01
619 3561 703 3625 hanc
736 3564 958 3644 quaestionem
990 3562 1162 3627 soluamus.
1213 3563 1378 3648 Equidem

197 3670 370 3750 postquam
398 3665 459 3729 hoc
489 3672 585 3750 caput
612 3668 766 3752 aliosque,
798 3668 855 3732 ubi
877 3668 1015 3734 Romani
1044 3671 1189 3733 doctrina
1216 3669 1379 3753 profertur

197 3773 285 3838 locos
315 3774 525 3858 perlustraui,
562 3775 598 3836 in
630 3793 667 3838 ea
699 3776 849 3858 opimone
882 3777 1026 3855 substiti,
1066 3782 1102 3840 ut
1134 3778 1247 3841 eodem
1278 3776 1378 3858 fonte,

197 3881 399 3945 Palaemonis
431 3880 523 3962 libro,
557 3886 588 3945 01
621 3879 802 3945 Charisium
835 3889 866 3946 01
897 3883 1079 3947 Romanum
1107 3903 1184 3948 0000
1213 3903 1280 3947 0000
1308 3903 1378 3948 cre-

199 3988 322 4068 derem,
355 3993 434 4072 puto
464 3992 571 4051 autem
600 3989 636 4050 in
665 3989 726 4051 hoc
754 3991 857 4073 capite
885 3995 1009 4075 praeter
1030 3990 1170 4054 Romani
1198 3990 1377 4053 doctrinam

198 4095 401 4160 Palaemonis
424 4095 544 4158 librum
567 4096 674 4159 solum
697 4096 877 4160 adhibitum
899 4115 967 4160 esse
986 4118 1005 4160 a
1025 4095 1176 4179 Charisio,
1194 4095 1378 4160 Romanum

198 4207 306 4267 autem
330 4204 376 4267 010
400 4203 619 4267 tantummodo
643 4202 732 4285 10010,
766 4204 887 4286 quibus
909 4223 1029 4267 nomen
1053 4204 1123 4268 eius
1146 4204 1291 4267 adlatum
1319 4208 1379 4286 est,

198 4312 395 4395 exscriptum
420 4327 501 4389 esse,
528 4328 592 4391 qua
614 4311 648 4372 in
668 4310 762 4374 read
783 4309 911 4374 Christii
930 4315 961 4374 01
979 4309 1161 4374 Morawshii
1185 4311 1379 4375 sententiam
