3052 4958
653 550 873 614 ,19-

171 730 222 793 nis
260 730 510 792 concinnitatem
547 729 832 809 auctoritatemque
865 725 1134 790 desiderabimus!
1182 725 1245 790 Sed
1281 728 1345 790 iarn

171 837 312 920 abripior
335 837 376 899 ad
399 854 445 915 ea,
470 853 552 917 quae
575 834 847 897 demonstraturus
870 853 950 896 11111.
1052 832 1057 838 ’

261 943 410 1005 Alterum
430 941 656 1005 Palaemonem
679 939 807 1002 nullum
829 940 929 1003 fuisse
953 940 1103 1022 quoniam
1126 937 1346 1023 comprobasse

174 1049 331 1130 uidemur,
349 1048 389 1111 ad
409 1046 588 1111 Charisium
607 1045 803 1109 aduertimus
823 1047 954 1128 animos,
977 1051 1014 1110 111
1033 1045 1120 1129 quod
1137 1047 1346 1127 instituimus

171 1158 311 1240 primum
343 1174 385 1218 ex
412 1156 481 1218 eins
514 1159 581 1216 1111
604 1151 824 1215 Remmianam
857 1152 1035 1216 doctrinam
1067 1171 1224 1216 1111111111.
1278 1151 1347 1215 lam

173 1269 274 1325 artem
297 1280 388 1324 suam
411 1279 513 1323 none
536 1261 604 1323 suis
624 1259 732 1342 copiis
757 1259 813 1322 sed
832 1279 873 1322 er
891 1259 1028 1323 aliorum
1047 1261 1224 1343 praeceptis
1242 1280 1346 1342 gram-

171 1371 362 1432 maticorum
385 1368 594 1451 compositam
621 1385 690 1428 esse
714 1363 877 1429 Charisius
900 1368 936 1428 in
957 1367 1153 1450 praefatione
1181 1366 1221 1428 ad
1243 1365 1348 1428 filium

172 1477 246 1539 data
268 1497 297 1559 p.
324 1478 340 1538 1
371 1477 440 1557 ipse
463 1474 529 1536 fere
552 1472 723 1536 confitetur
751 1472 873 1537 dicens:
903 1466 1033 1536 ‘Amore
1057 1472 1160 1536 Latini
1190 1475 1347 1536 sermonis

172 1582 313 1667 obligare
337 1588 368 1645 te
392 1582 534 1664 cupiens,
557 1579 605 1642 fili
627 1580 803 1661 karissime,
827 1586 926 1643 artem
949 1581 1189 1662 grannnatioam
1207 1580 1347 1643 sollertia

173 1690 439 1767 doctissimorum·
463 1688 607 1750 uirorum
638 1686 771 1768 politam
803 1693 835 1750 et
866 1708 885 1749 a
916 1707 968 1751 me
1001 1686 1157 1769 digestam
1188 1689 1224 1749 in
1255 1686 1347 1751 libris

174 1797 319 1877 quinque
344 1795 426 1857 dono
451 1794 510 1856 tibi
532 1793 607 1855 misi
630 1840 638 1858 .
659 1842 665 1854 .
686 1841 692 1853 .
716 1792 787 1855 Erit
809 1795 874 1854 iam
892 1799 966 1856 tuae
983 1794 1168 1877 diligentiae
1186 1793 1347 1876 frequenti

174 1903 360 1965 recitatione
383 1902 491 1964 studia
508 1919 579 1963 mea
598 1918 639 1962 ex
657 1899 758 1962 uariis
778 1899 900 1962 artibus
919 1901 1057 1983 inrigata
1075 1902 1248 1965 memoriae
1267 1902 1346 1963 tuis-

174 2027 237 2090 que
260 2009 406 2071 sensibus
429 2007 591 2083 mandarc‚
613 2011 650 2068 ut
674 2025 756 2087 quae
780 2007 945 2089 originalis
967 2008 1089 2090 patriae
1112 2013 1228 2070 natura
1252 2007 1347 2071 dene·

172 2117 271 2197 gauit,
294 2117 416 2179 uirtute
440 2114 541 2176 animi
564 2112 739 2175 adfectasse
761 2108 925 2176 ridearis?

262 2222 308 2284 At
327 2220 489 2284 Charisius
509 2239 583 2283 oum
600 2218 744 2282 hortulos
767 2240 842 2283 suos
861 2221 997 2283 aliorum
1014 2221 1130 2284 riuulis
1149 2222 1347 2304 inrigauerit,

174 2333 281 2391 tamen
305 2348 322 2391 e
346 2331 413 2391 suis
437 2326 552 2391 studiis
576 2331 633 2388 1111
655 2327 769 2409 copiis,
796 2333 834 2389 ut
857 2328 964 2390 statim
991 2328 1142 2390 hocloco
1165 2328 1348 2411 idponam,

176 2439 231 2495 aut
254 2454 366 2516 parum
389 2440 445 2497 aut
467 2433 548 2496 nihil
573 2431 713 2512 addidit,
738 2434 934 2515 quinetiam
957 2435 1039 2495 mira
1058 2432 1196 2515 quadam
1218 2435 1348 2496 inscitia

175 2540 440 2622 neglegentiaque
463 2538 720 2601 doctissimorum
739 2539 861 2602 artibus
883 2540 1028 2602 uirorum
1050 2542 1086 2602 in
1105 2540 1346 2604 transcribendo

175 2665 253 2708 usus
277 2652 331 2709 est.
377 2646 461 2710 Nam
489 2664 563 2709 cum
591 2663 656 2707 non
684 2647 760 2708 satis
787 2647 992 2729 perspiceret,
1026 2646 1104 2730 quid
1130 2647 1260 2710 maioris
1293 2652 1349 2710 aut

160 2753 308 2825 ¹minoris
339 2753 493 2816 momenti
521 2757 617 2833 esset,
648 2771 893 2835 nonnumquam
914 2755 1105 2836 grauissima
1127 2755 1348 2837 praetermisit,

175 2859 237 2921 alia
259 2861 294 2922 in
318 2861 418 2924 alium
440 2861 548 2922 locum
570 2859 741 2924 transtuht.
781 2857 983 2942 Quamquam
1006 2861 1045 2942 ei,
1069 2880 1142 2924 oum
1164 2860 1349 2924 incredibili

176 2967 314 3048 quadam
336 2969 466 3031 inscitia
490 2972 657 3029 auctorum
676 2985 808 3030 suorum
830 2966 929 3030 libros
947 2969 1099 3051 presserit
1116 2972 1349 3050 praeceptaque

176 3073 245 3135 sine
268 3075 453 3137 discrimine
477 3073 692 3156 descripserit,
720 3075 856 3156 gratiam
878 3073 1067 3136 habebimus
1089 3075 1142 3137 uel
1165 3075 1348 3156 maximam,

178 3180 263 3259 quod
283 3199 365 3261 quae
383 3182 512 3263 recepit,
537 3197 625 3240 mera
642 3178 833 3261 plerrnnque
851 3199 912 3243 nec
931 3179 1130 3242 dissimulata
1148 3183 1349 3264 transcripsit

176 3303 282 3367 neque
305 3306 466 3369 nusquam
489 3290 644 3366 auctores,
668 3305 688 3347 a
711 3285 828 3368 quibus
847 3286 1025 3349 doctrinam
1042 3288 1165 3370 petiuit,
1189 3306 1348 3350 commen-

176 3393 266 3454 tariis
289 3392 447 3476 praefixit.
501 3392 584 3456 Nam
612 3393 640 3454 si
663 3390 828 3456 Charisius
849 3393 942 3457 nobis
965 3414 1032 3457 non
1055 3398 1149 3474 esset,
1182 3393 1349 3456 Palaemo-

176 3500 292 3562 nianae
316 3501 391 3562 artis
414 3500 630 3564 restituendae
658 3500 783 3563 etiamsi
805 3500 1003 3582 reliquorum
1025 3502 1169 3563 omniurn
1192 3520 1349 3583 gramma-

177 3607 325 3688 ticorum,
364 3608 526 3690 siquidem
562 3606 686 3687 liceret,
724 3605 861 3669 frustula
898 3609 1183 3691 congessissemus,
1222 3626 1349 3670 omnem

176 3732 264 3796 spem
288 3713 495 3781 abiceremus
541 3711 612 3789 Qua
632 3719 738 3775 tamen
758 3711 894 3776 Charisii
913 3715 1070 3798 probitate
1089 3734 1127 3777 ac
1145 3714 1349 3797 simphcitate

178 3819 328 3902 efficitur,
355 3825 393 3883 ut
416 3821 512 3884 etiam
535 3820 722 3902 1111111111,
754 3820 872 3903 quibus
896 3822 1017 3904 quida
1041 3842 1104 3905 quo
1128 3821 1347 3905 adsumpserit,

174 3945 241 3988 non
264 3926 395 4009 addidit,
419 3932 564 3991 auctores
586 3927 742 4010 indagare
756 3928 928 4011 possimus3
953 3934 1050 4012 atque
1069 3948 1143 3992 cum
1161 3946 1203 3990 ex
1222 3928 1348 4011 optimis

174 4033 316 4096 fontibus
342 4039 510 4117 praecepta
533 4054 591 4096 sua
613 4034 757 4098 hauserit
785 4054 822 4098 ao
845 4036 1095 4116 coaceruauerit,
1125 4033 1349 4117 praestabilem

174 4143 260 4204 inter
283 4141 400 4202 artium
422 4141 592 4223 scriptores
619 4141 726 4204 locum
749 4141 873 4204 obtinet
899 4142 1135 4224 grammaticus.
1181 4140 1222 4203 ln
1244 4142 1346 4223 primo

174 4253 281 4311 autem
308 4246 404 4328 libre,
432 4251 470 4310 ut
492 4266 650 4309 summam
672 4265 796 4328 eorum,
821 4266 903 4329 quae
926 4248 1109 4330 insequenti
1134 4247 1347 4330 disputatione

174 4354 314 4418 effecisse
336 4353 496 4436 uidemur,
519 4355 728 4438 praemittam,
753 4353 916 4417 Charisius
940 4354 1043 4416 tribus
1065 4372 1144 4416 usus
1169 4359 1216 4417 est
1238 4358 1347 4416 aucto-

174 4460 276 4524 ribus:
302 4460 502 4542 Palaemone,
527 4459 558 4525 C.
582 4459 669 4523 lulio
693 4459 846 4541 Romano,
871 4458 1067 4524 Cominiano.
1114 4461 1222 4544 Atque
1246 4480 1265 4523 a
1286 4459 1349 4524 Pa-

172 4566 319 4632 laemone
346 4568 473 4652 regulas
502 4566 665 4649 generales
694 4567 836 4628 maxime
864 4570 895 4629 et
922 4569 1111 4652 scriptorum
1140 4566 1314 4645 exempla,
1331 4587 1358 4624 a

1169 4666 1211 4717 (ᾖ
