3052 4958
662 475 881 537 -49..

177 671 252 713 nam
274 649 362 715 haec‘
379 651 536 734 particula
558 656 640 714 esset
662 650 872 714 Morawslrius
894 652 913 714 1.
933 653 952 715 l.
976 652 1159 732 haesitauit;
1189 658 1222 716 at
1244 652 1354 716 Palae-

176 760 264 821 moni
287 778 357 821 eam
381 757 489 821 deberi
507 763 538 821 et
556 776 597 821 ex
615 758 684 821 looo
703 758 758 820 illo
777 758 906 822 laudato
930 765 961 822 01
984 778 1025 822 ex
1048 779 1084 823 00
1104 767 1245 844 apparet,
1269 760 1355 842 quod

175 887 204 949 p.
230 867 333 947 93,11
356 865 492 948 Vergilii
511 864 610 928 uerba
633 863 743 928 eodem
763 870 923 947 contextu,
948 886 1011 948 quo
1034 887 1064 950 p.
1084 869 1136 948 34,
1147 869 1188 929 25
1212 869 1354 930 excitan-

177 978 244 1035 tur:
273 965 399 1053 ‘Sane',
430 973 534 1054 inquit
561 973 804 1054 grammaticus,
831 964 1012 1055 ‘Vergilius
1043 973 1121 1036 dicit
1148 965 1240 1037 ‘uere
1268 974 1352 1038 fabis

123 1144 128 1155 κ
178 1071 287 1158 satio’3
316 1080 372 1141 sed
394 1098 454 1141 nec
477 1079 582 1162 ipsum
605 1078 797 1158 admittitur,
828 1079 904 1160 quia
926 1098 985 1142 nec
1014 1079 1135 1143 fenum
1157 1100 1215 1143 nec
1239 1101 1353 1145 aurum

177 1203 237 1248 nec
260 1185 372 1267 oleum,
397 1186 544 1268 quamuis
568 1184 688 1247 diuersi
709 1185 843 1268 generis,
870 1185 1037 1268 pluraliter
1061 1188 1231 1270 quisquam
1254 1207 1352 1251 ausus

179 1297 226 1355 est
250 1286 480 1376 pronuntiare’.
505 1330 547 1337 —
574 1290 697 1366 Quibus
727 1297 834 1366 tamen
861 1293 940 1355 locis
962 1294 1114 1375 laudatis,
1144 1314 1218 1357 cum
1241 1296 1276 1357 in
1299 1315 1352 1357 su·

177 1387 353 1482 perioribus
384 1399 540 1482 capitibus
563 1399 774 1482 reperiantur,
804 1398 865 1461 hoc
889 1399 1111 1482 comprobatur
1132 1402 1270 1484 primum
1293 1400 1353 1464 Pa-

176 1506 330 1569 laemonis
354 1525 431 1586 esse,
455 1524 536 1588 quae
560 1506 595 1569 in
612 1504 674 1566 1100
693 1505 796 1588 capite
814 1510 919 1569 exstat
938 1507 1121 1588 doctrinam,
1145 1507 1259 1570 deinde
1279 1527 1352 1570 curn

175 1614 278 1676 nostri
301 1613 413 1696 eapitis
435 1616 603 1696 praecepta
622 1610 822 1675 Palaemonis
842 1613 912 1694 sint,
936 1614 1100 1695 superiora
1118 1616 1223 1696 capita
1242 1615 1352 1677 eodem

173 1721 243 1783 iure
262 1719 449 1782 Palaemoni
471 1718 577 1781 tribui.
598 1756 640 1763 —
664 1717 726 1781 Sed
750 1719 827 1801 quid
850 1719 966 1802 plura?
999 1717 1143 1802 Longam
1166 1739 1351 1784 enumerare

175 1847 305 1910 possum
336 1832 597 1910 argumentorum
629 1826 757 1906 seriem,
795 1844 812 1888 e
846 1826 962 1909 quibus
992 1831 1100 1910 pateat
1130 1826 1353 1890 Palaemonem

175 1934 272 1998 huius
302 1934 413 2017 capitis
442 1937 604 1996 auctorem
633 1950 708 1994 esse.
756 1933 801 1995 At
831 1953 984 2016 quorsum
1011 1933 1067 1999 id?
1112 1932 1228 1996 Nonne
1258 1954 1351 2017 argu-

173 2041 377 2104 mentationis
401 2041 478 2102 satis
501 2045 561 2119 est,
594 2038 680 2120 quod
709 2040 867 2103 artissimo
890 2040 1022 2103 uinculo
1051 2042 1158 2104 omnia
1180 2042 1352 2104 constricta

174 2149 270 2212 sunt?
317 2146 509 2227 Mehercule,
532 2147 596 2208 nisi
619 2150 684 2209 tam
706 2151 919 2230 praestantem
948 2148 1195 2231 euidentemque
1223 2153 1351 2210 secutus
1387 2177 1389 2181 v

175 2260 257 2318 esset
285 2254 460 2318 Palaemon
489 2253 624 2316 docendi
649 2254 817 2334 rationem,
854 2253 999 2317 doctrina
1027 2257 1094 2318 eius
1125 2257 1195 2318 erui
1223 2256 1351 2317 omnino

176 2380 241 2423 non
262 2367 375 2444 posset.
420 2359 480 2423 Est
502 2379 578 2424 uero
602 2379 793 2444 magnorum
814 2361 971 2441 uirorum,
1003 2361 1090 2442 quod
1119 2362 1196 2444 quid
1218 2380 1294 2444 prae
1318 2380 1351 2424 se

175 2467 298 2548 ferunt,
329 2485 346 2529 e
377 2487 439 2549 quo
468 2468 521 2530 uel
551 2469 653 2550 primo
684 2466 798 2529 obtutu
827 2485 881 2529 eos
909 2485 1088 2550 cognoscas.
1135 2467 1233 2530 Porro
1266 2467 1352 2550 quod

176 2593 272 2656 supra
304 2573 343 2636 de
375 2573 501 2637 dicendi
533 2573 731 2656 docendique
764 2573 963 2637 Palaemonis
995 2575 1116 2637 ratione
1142 2575 1300 2657 exposui,
1333 2593 1351 2637 e

176 2682 291 2764 quauis
312 2681 432 2765 pagiua
454 2681 617 2744 excitabis.
663 2679 777 2744 Libero
802 2681 888 2743 euim
911 2701 948 2743 ac
969 2681 1044 2744 forti
1067 2682 1172 2743 auimo
1195 2702 1350 2765 gramma-

174 2788 256 2850 ticus
273 2786 441 2870 profitetur
460 2788 636 2850 doctrinam
653 2806 815 2870 respuens,
840 2788 967 2869 quiduis
986 2794 1141 2872 repugnat
1160 2796 1215 2851 aut
1232 2790 1350 2851 rationi

173 2899 229 2957 aut
258 2894 494 2958 consuetudini.
540 2894 633 2957 Ratio
666 2901 787 2976 autern,
821 2894 906 2977 quod
936 2897 1083 2978 promisit
1113 2897 1149 2957 iu
1179 2897 1350 2979 prooemio,

173 3006 379 3083 sustentatur,
403 3001 572 3064 dinnmodo
603 3021 643 3064 ne
667 3002 891 3065 consuetudini
918 3003 988 3065 siue
1010 3002 1192 3065 auctoritati
1215 3004 1348 3086 scripto-

173 3127 246 3170 rum
259 3089 394 3192 ‘prorsus
418 3108 612 3172 aduersatur.
658 3107 754 3172 Unde
775 3109 856 3171 1111111
878 3108 1075 3190 frequentius
1098 3109 1133 3170 in
1157 3109 1216 3171 1100
1236 3110 1350 3192 capite,

176 3234 272 3297 quam
296 3214 381 3297 quod
402 3216 437 3278 in
460 3217 531 3278 aliis
555 3215 738 3278 nominibus
760 3216 851 3297 ratic,
874 3217 910 3278 in
928 3217 1001 3278 aliis
1020 3216 1215 3278 consuetudo
1240 3215 1346 3278 defen-

176 3321 274 3403 ditur,
305 3327 400 3404 prout
431 3324 508 3386 haec
540 3324 595 3385 illa
627 3325 780 3386 maiorem
809 3327 996 3406 potestatem
1022 3321 1133 3384 habet:
1177 3321 1349 3384 Palaemon

173 3429 260 3491 enirn
292 3429 542 3492 mediocritatem
559 3431 668 3501 ¹istam
699 3435 819 3512 seruat,
854 3449 934 3513 quae
966 3430 1009 3492 sit
1039 3431 1123 3491 inter
1149 3430 1287 3490 nimium
1313 3435 1349 3493 'et

171 3555 284 3618 parum
307 3541 339 3599 et
362 3556 451 3619 quae,
474 3541 511 3599 ut
533 3538 634 3619 ipsius
654 3536 760 3600 uerbis
784 3542 862 3618 utar,
886 3535 1011 3618 efficiat,
1034 3539 1070 3598 ut
1087 3535 1245 3599 horridior
1267 3537 1347 3599 ratio

173 3643 360 3705 auctoritate
383 3644 452 3706 siue
476 3663 633 3706 consensu
656 3643 831 3706 multorum
855 3648 887 3706 et
904 3644 1046 3706 inuicem
1063 3643 1207 3725 uulgaris
1227 3663 1348 3707 00001-

174 3748 249 3812 dida
267 3749 464 3812 consuetudo
487 3751 573 3813 iusta
596 3756 627 3814 et
650 3751 722 3812 utili
745 3752 868 3813 ratione
892 3749 1074 3832 depellatur.
1113 3748 1201 3825 Quae
1224 3770 1266 3812 ex
1288 3751 1349 3814 hoo

172 3858 312 3920 maxime
332 3857 433 3938 capite
448 3856 589 3935 elucent,
616 3876 755 3939 namque
773 3859 809 3918 in
827 3856 1044 3939 superioribus
1059 3857 1223 3939 capitibus,
1244 3859 1348 3940 quoad

172 3981 189 4025 e
212 3962 307 4026 rebus
332 3983 350 4025 a
369 3961 510 4026 Charisio
533 3965 666 4046 receptis
690 3963 850 4058 conligere
872 3963 955 4044 licet,
978 3964 1060 4025 nihil
1082 3963 1147 4025 fere
1169 3964 1232 4026 nisi
1254 3983 1348 4047 regu-

171 4069 220 4132 lae
242 4070 405 4154 generales
427 4075 634 4153 pertractatae
657 4074 745 4149 sunt;
769 4070 804 4130 111
826 4071 887 4132 hoc
910 4089 986 4133 uero
1007 4070 1109 4152 capite
1132 4089 1207 4133 cum
1228 4071 1346 4134 rationi

171 4181 241 4239 turn
269 4176 492 4240 consuetudini
515 4178 678 4261 prouisum
701 4181 756 4240 est.
803 4176 976 4239 Palaemon
1000 4177 1162 4239 autemid
1190 4177 1252 4240 sibi
1274 4197 1347 4260 pro-

171 4288 331 4366 posuerat,
368 4288 404 4345 ut
432 4284 573 4366 primurn
601 4285 756 4346 rationem
787 4283 955 4346 nominum
987 4284 1198 4364 examinaret,
1232 4284 1347 4348 deinde

172 4391 357 4453 auctoritate
389 4391 577 4473 scriptorum
614 4390 759 4453 consulta
791 4394 956 4471 statueret,
996 4390 1074 4472 quid
1107 4390 1346 4453 consuetudinis

171 4497 289 4560 rationi
321 4496 560 4581 praeferendum
592 4501 689 4578 esset,
722 4497 800 4580 quid
830 4516 895 4560 non
924 4498 1017 4578 item,
1049 4496 1146 4579 idque
1178 4516 1236 4559 suo
1268 4497 1344 4560 iure.

1169 4605 1189 4655 4
