3052 4958
676 244 896 305 -66-

193 421 452 483 coniunctionem
475 419 620 482 Remmio
649 419 689 482 ab
718 439 754 483 eo
779 420 905 482 addicta
928 425 1017 502 sunt,
1044 439 1224 498 recurram3
1252 421 1371 503 siqua

194 528 292 592 dubia
322 529 494 591 uideantur
522 546 604 607 esse„
635 526 817 589 subsistam.
864 525 1109 590 Schottmueller
1139 532 1244 590 autem
1271 548 1300 610 p.
1328 530 1371 591 10

193 635 270 698 haec
293 634 479 698 Palaemoni
502 633 627 696 tribuit:
657 654 686 716 p.
716 636 786 714 168,
797 636 969 713 35-169,
980 637 1037 712 34;
1065 635 1369 716 170,1-170‚24;

196 744 531 824 170,31-171,14;
559 743 892 823 171,3o-172,19;
919 743 1183 822 linet-173,
1197 742 1245 804 12.
1299 740 1371 804 Iam

194 868 265 930 cur,
297 868 379 931 quae
406 869 435 931 p.
468 850 539 928 169,
554 849 709 926 35—393
741 849 814 928 170,
829 849 984 927 25-313
1018 851 1091 928 171,
1108 849 1264 926 ΙΙΙ-35,
1295 850 1372 929 172,

193 956 339 1034 ‘zo-343
363 957 576 1037 173,13-19
596 956 667 1017 istis
686 954 873 1037 interposita
888 959 972 1035 sunt,
990 953 1136 1017 Remmia
1156 953 1373 1036 abrogauerit,

193 1082 307 1144 parum
330 1064 496 1144 perspicio.
545 1061 677 1125 Censuit
700 1062 752 1123 uir
775 1060 889 1123 doctus
907 1061 1120 1123 indicatiuum
1139 1064 1170 1124 et
1189 1061 1372 1123 coniuncti·

193 1189 273 1230 uum
296 1169 408 1231 modos
432 1188 497 1231 non
522 1170 586 1231 nisi
607 1160 805 1231 ‘finitiuunr’
829 1172 860 1230 et
880 1160 1161 1230 ‘subiunctiuum'
1184 1173 1216 1230 et
1236 1159 1369 1250 ‘optati-

194 1269 296 1356 uum',
319 1295 468 1359 praesens
491 1280 619 1358 tempus
643 1275 790 1338 nonnisi
812 1266 970 1336 ‘instans'
994 1295 1011 1337 a
1031 1273 1222 1337 Palaemone
1251 1280 1372 1337 uocata

193 1400 269 1444 esse.
313 1380 406 1457 Quod
426 1403 521 1464 quam
545 1382 663 1444 falsum
686 1388 775 1464 esset,
800 1403 894 1465 supra
918 1403 946 1465 p.
967 1384 1007 1444 21
1030 1401 1075 1463 sq.
1096 1381 1198 1443 docui.
1236 1379 1369 1444 Constat

192 1489 276 1551 enim
300 1488 538 1566 Palaemonem,
565 1491 621 1570 qui
643 1481 881 1570 ‘incusatiuos',
903 1482 1119 1551 ‘conlationes
1127 1482 1145 1568 ²,
1166 1480 1371 1570 ‘qualitates'

190 1586 434 1658 ‘extremitates'
465 1597 528 1659 alia
555 1596 656 1658 multa
680 1598 845 1677 extulerit,
868 1615 1018 1678 magnam
1041 1594 1245 1678 significandi
1268 1595 1370 1659 licen-

192 1702 269 1763 tiam
294 1702 355 1764 sibi
378 1705 559 1784 sumpsisse.
595 1696 728 1766 ‘Velut'
752 1712 859 1766 autem
879 1704 1139 1765 coniunctionem
1158 1722 1221 1764 non
1242 1720 1373 1784 semper

191 1810 328 1891 positam
351 1827 418 1872 esse
442 1830 460 1872 Ι
483 1811 688 1892 grammatico
712 1812 789 1872 satis
811 1829 1002 1892 persuasum
1025 1808 1188 1873 habemus,
1233 1808 1297 1871 Pro
1322 1809 1371 1871 dii

191 1915 399 1997 immortales,
426 1918 528 1980 ieiuni
557 1923 663 1979 essent
685 1917 883 1999 grammatici
906 1918 1000 1998 eique
1030 1917 1125 1999 primi
1147 1937 1176 1999 p.
1202 1915 1272 1978 Chr.
1297 1935 1372 1980 sae·

192 2022 264 2096 culi,
289 2023 399 2105 quiin
425 2029 489 2087 tam
514 2029 598 2086 artos
622 2024 751 2086 dicendi
775 2043 812 2086 ac
831 2022 1035 2106 significandi
1057 2023 1138 2086 fines
1162 2024 1262 2086 coacti
1277 2022 1371 2086 'luis-

192 2134 272 2192 sent.
319 2128 468 2193 Ceterum
490 2129 735 2194 Schottmueller
757 2133 825 2214 ipse
853 2132 917 2194 nisi
940 2151 1057 2212 magna
1081 2129 1269 2193 difficultate
1292 2149 1369 2192 sen-

191 2237 323 2298 tentiam
360 2257 451 2300 suam
483 2258 548 2300 non
581 2239 740 2300 sustinuit.
806 2236 889 2320 Ergo
923 2238 1082 2301 accedunt
1113 2236 1370 2320 significationes

189 2344 281 2424 istae,
313 2363 376 2406 non
401 2362 459 2426 per
481 2363 515 2407 se
543 2345 655 2407 ualent
678 2350 865 2426 argumenta
888 2345 929 2406 ad
954 2345 1253 2424 demonstrandum,
1285 2345 1368 2427 quid

190 2452 242 2512 cui
267 2451 427 2513 debeatur.
473 2450 526 2512 Ex
548 2451 712 2533 particulis
737 2456 842 2514 autem
864 2452 942 2531 illis,
971 2455 1007 2512 ut
1030 2449 1070 2512 ad
1094 2470 1145 2531 ea,
1170 2469 1252 2533 quae
1274 2452 1369 2515 insti·

189 2558 251 2638 ΙΙΙΙ,
274 2563 427 2638 reuertar,
452 2577 531 2639 quas
555 2557 799 2620 Schottmueller
821 2559 960 2640 excepit,
983 2577 1111 2619 summa
1134 2576 1256 2638 eorum,
1282 2577 1366 2640 quae

189 2666 224 2726 in
248 2662 467 2746 superioribus
491 2663 635 2746 partibus
660 2665 831 2746 explanata
851 2672 934 2735 sunt,
958 2665 1078 2727 eisdem
1097 2665 1255 2747 exemplis
1274 2683 1367 2749 repe·

190 2772 258 2834 titis
291 2770 484 2833 subducitur
515 2776 669 2854 artusque
703 2790 845 2834 conexus
879 2770 1023 2834 efficitur.
1084 2770 1222 2834 Eaedem
1256 2777 1365 2835 autem

125 2914 127 2919 ·
190 2876 359 2939 modorum
383 2883 414 2940 et
437 2883 615 2960 temporum
646 2877 894 2961 significationes
923 2878 1124 2942 adhibentur.
1170 2878 1270 2941 Porro
1293 2880 1367 2962 ipsa

190 2983 288 3045 uerba
311 2984 536 3048 Palaemonem
561 2991 724 3048 auctorem
749 2986 895 3049 clamant.
942 2985 1057 3068 ltaque
1086 2989 1121 3048 ut
1150 2987 1245 3049 etiam
1269 2986 1369 3049 hasce

188 3098 292 3173 partes
315 3091 460 3155 Remmio
485 3092 655 3173 adscribas
679 3093 759 3153 ratio
783 3093 903 3155 suadet.

276 3198 347 3261 Iam
371 3217 421 3281 ΙΙ,
454 3219 536 3281 quae
568 3220 596 3281 p.
624 3201 696 3279 173,
709 3200 942 3280 ull-mna?
977 3205 1117 3280 exstant,
1149 3217 1224 3282 prae
1249 3201 1369 3262 ceteris

188 3304 374 3368 Palaemoni
397 3306 594 3368 uindicanda
614 3312 696 3367 sunt
738 3305 821 3368 Nam
841 3309 907 3390 ipse
930 3308 1008 3369 haee
1030 3307 1150 3369 indicat
1168 3326 1196 3390 p.
1219 3310 1365 3388 173,14;

186 3404 243 3473 ln
268 3413 380 3474 ceteris
405 3412 554 3473 omnibus
585 3407 708 3475 uerbis'
710 3415 861 3495 ,inquit,
837 3406 1014 3477 teadem
1037 3414 1233 3496 regula,
1173 3419 1220 3476 est
1256 3433 1297 3478 ne
1322 3417 1366 3478 sit

188 3538 268 3600 opus
282 3518 458 3601 pluribus
449 3520 566 3581 instrui
569 3520 678 3602 ,quod
692 3526 740 3583 ΙΙΙ
742 3522 769 3583 ΙΙ
784 3539 825 3582 ex
840 3523 902 3583 ista
918 3521 1063 3583 declinat
1043 3527 1128 3583 tione
1139 3539 1202 3626 cog
1205 3464 1367 3584 ubscetur.

188 3622 289 3687 Sedt
278 3632 384 3688 tamen
413 3627 568 3708 quaedam
601 3628 640 3689 de
673 3628 827 3690 different
807 3633 867 3689 tiae
900 3628 1121 3691 obseruatione
1153 3627 1362 3710 conlegimus

187 3731 401 3813 Respeximus
421 3734 519 3795 simul
548 3736 706 3816 cuiusque
735 3735 881 3798 declinat
860 3737 957 3798 tionis
986 3735 1038 3798 uel
1067 3735 1187 3797 ordinis
1215 3734 1365 3817 uerbum,

188 3837 432 3920 quibusmodis
462 3841 648 3924 quibusque
671 3843 867 3964 temporibus
896 3848 927 3906 et
951 3843 1061 3924 quales
1084 3841 1223 3905 breuitat
1178 3846 1257 3905 ttes
1280 3843 1363 3905 reci-

182 3947 299 4028 piant
290 3952 382 4009 iuxta
397 3948 438 4032 (l)
453 3954 579 4011 ueteres
594 3969 654 4012 auo
656 3944 762 4014 tores'.
782 3948 960 4025 —Quae
952 3971 987 4013 m
1007 3952 1062 4030 ΙΙΙ,
1082 3968 1163 4031 quae
1182 3954 1322 4031 sequunt
1323 3969 1366 4012 ur

185 4056 239 4136 ΙΙΙ,
262 4060 298 4117 ut
321 4058 515 4138 promissum
539 4063 594 4138 est,
618 4056 836 4140 perficiuntur.
882 4056 989 4119 Dictm
1013 4056 1215 4119 Palaemonis
1239 4057 1320 4137 ese)

277 4287 296 4355 ¹)
316 4303 342 4353 p.
364 4289 422 4353 175,
444 4290 476 4338 14
496 4286 583 4338 denuo
602 4285 674 4339 Velii
692 4286 777 4354 Longi
795 4303 891 4340 nomen
910 4287 1025 4340 absurde
1045 4286 1203 4354 adspersum
1222 4287 1270 4338 est.
