3052 4958
645 501 867 563 -61-

162 676 328 741 offenderit
358 679 394 740 in
426 697 476 758 eo,
515 678 601 761 quod
633 677 674 740 ad
706 676 901 741 firmandum
934 677 1062 740 dicendi
1096 698 1191 741 usum
1221 696 1341 760 paucos

161 786 351 868 plerumque
371 786 539 868 scriptores
563 785 676 848 attulit.
720 783 819 848 Cuius
839 785 886 848 rei
910 802 1033 866 musae,
1057 789 1214 866 quantum
1235 777 1340 867 uide0,

161 892 220 956 hae
253 896 341 954 sunt:
374 893 514 974 primum
547 893 647 973 enim,
681 892 766 974 quod
797 891 928 954 leuioris
959 893 1114 955 momenti
1147 910 1216 955 esse
1248 891 1340 973 duoo,

163 997 326 1062 Charisius
350 997 551 1060 Palaemonis
581 998 759 1061 doctrinam
786 997 1035 1081 haudquaquam
1062 998 1186 1081 plenam
1213 999 1340 1080 reoepit.

164 1103 234 1180 Quo
247 1103 329 1172 ,fieri
351 1105 468 1187 potuit,
498 1108 533 1166 ut
557 1105 724 1188 scriptores
749 1124 768 1167 a
790 1103 980 1168 Palaemone
1003 1105 1123 1168 laudati
1147 1105 1340 1168 exciderent.

161 1209 286 1274 Deinde
309 1211 388 1274 loeis
406 1212 486 1287 istie,
511 1210 683 1292 quodiam
707 1231 803 1294 supra
826 1210 909 1292 dixi,
933 1212 1014 1273 nihil
1036 1211 1101 1275 fere
1123 1212 1187 1273 nisi
1210 1211 1340 1294 regulae

162 1319 327 1401 generales
347 1318 382 1380 id
401 1322 449 1380 est
468 1318 547 1379 ratio
567 1319 745 1398 nominum,
770 1317 887 1399 quibus
907 1318 1101 1382 consuetudo
1121 1319 1190 1381 siue
1209 1318 1341 1402 soripto·

163 1446 234 1488 rum
257 1425 384 1488 dioendi
402 1444 486 1487 usus-
499 1425 608 1487 minus
628 1424 827 1487 adhibendus
845 1423 914 1506 fuit,
937 1429 1126 1508 pertractata
1149 1429 1233 1488 sunt.
1278 1423 1341 1487 Ra-

163 1533 282 1596 tionem
305 1551 381 1594 uero
401 1530 531 1594 dioendi
549 1530 721 1594 Palaemon
743 1523 932 1594 adfirmante
951 1530 1149 1606 Quintiliano
1170 1551 1211 1594 ex
1228 1533 1340 1614 paucis

161 1639 350 1722 idoneisque
373 1643 545 1702 exsecutus
568 1643 616 1701 est
630 1637 829 1718 auctoribus.
877 1637 998 1701 Verum
1021 1639 1107 1701 enim
1137 1657 1213 1701 uero
1237 1659 1341 1721 gram·

161 1747 315 1809 matieum
347 1746 444 1808 etiam
480 1746 672 1828 scriptorum
704 1744 833 1807 dicendi
869 1764 964 1807 usum
1000 1744 1063 1807 late
1099 1748 1261 1828 patentem
1291 1764 1340 1808 re—

162 1853 306 1936 spexisse
339 1870 381 1915 ex
413 1853 516 1934 eapite
547 1850 614 1913 XV
644 1851 700 1913 illo
733 1853 949 1934 eognouimus.
1001 1849 1203 1926 Quaesiuerit
1234 1857 1340 1916 autem

163 1960 336 2042 quispiam:
377 1964 408 2022 at
440 1978 499 2021 our
530 1958 704 2022 Palaemon
735 1960 926 2041 scriptorum
959 1959 1104 2042 exempla
1135 1978 1200 2022 non
1233 1961 1341 2022 statim

161 2067 280 2150 regulis
303 2065 507 2149 generalibus
531 2064 677 2127 addidit?
716 2062 801 2139 Quid
823 2065 891 2128 ita?
930 2063 1013 2140 Quia
1040 2064 1110 2129 lieri
1137 2085 1203 2128 non
1230 2066 1337 2146 liemt3

162 2176 286 2237 oonstat
304 2173 390 2236 enim
404 2171 631 2235 Palaemonem
650 2171 760 2234 ubiuis
779 2191 905 2235 summa
925 2172 1142 2255 dispositionis
1161 2177 1228 2236 arte
1244 2193 1339 2236 usum

164 2299 239 2343 esse.
292 2279 458 2361 Exemplis
485 2297 578 2360 uero,
610 2279 639 2341 si
666 2278 762 2341 simul
791 2279 962 2342 subiuncta
992 2278 1141 2360 fuissent,
1173 2286 1341 2363 praecepta

157 2385 256 2469 *plane
280 2385 400 2468 direpta
423 2405 460 2448 ao
484 2385 655 2448 dilacerata
678 2390 791 2449 essent.
838 2386 947 2467 Atque
974 2386 1142 2448 nominum
1171 2391 1203 2449 et
1225 2386 1340 2449 uerbo-

163 2511 235 2554 rum
260 2490 411 2574 dootrina
436 2512 509 2554 oum
533 2493 676 2554 omnium
701 2493 853 2555 orationis
876 2494 1015 2574 partium
1037 2492 1091 2555 uel
1113 2512 1170 2575 per
1193 2493 1339 2576 solonge

161 2598 324 2663 uberrima
346 2618 384 2661 ac
406 2600 593 2682 plenissima
612 2603 702 2681 esset,
722 2599 875 2682 exemplis
895 2604 1060 2661 auctorum
1080 2601 1187 2662 statim
1207 2600 1339 2664 adiectis

161 2705 266 2787 rigida
302 2723 408 2788 noque
444 2706 593 2789 expedita
627 2707 712 2769 faeta
748 2711 837 2769 esset.
894 2704 986 2780 Quod
1018 2705 1243 2770 Palaemonem
1274 2726 1339 2770 non

161 2811 280 2895 effugit.
335 2811 450 2895 Itaque
482 2814 518 2875 in
550 2814 739 2876 uniuersum
771 2814 930 2897 exempla,
968 2817 1125 2896 quatenus
1159 2833 1238 2896 opus
1269 2813 1339 2896 brit,

154 2919 319 2983 ¹adiunxit.
367 2916 437 2993 Quo
464 2920 547 2983 facto
576 2920 757 2983 uberiorem
781 2922 1056 3002 commentarium,
1085 2941 1149 3003 quo
1172 2922 1340 2985 nominum

162 3032 193 3091 et
214 3027 391 3091 uerborum
412 3047 491 3091 usus
514 3029 549 3090 in
572 3028 740 3111 scriptores
758 3029 967 3110 peruulgatus
985 3032 1233 3110 peroenseretur,
1254 3047 1338 3090 eom-

161 3137 273 3217 posuit.
321 3132 446 3209 Quibus
479 3134 623 3198 subdidit
653 3135 851 3217 reliquarum
884 3135 1035 3197 orationis
1065 3135 1204 3218 partium
1233 3135 1340 3196 oatho·

162 3241 237 3322 hoa,
267 3261 350 3324 quae
379 3241 462 3304 dixit
489 3261 578 3324 uaga.
627 3243 683 3304 Ait
706 3243 792 3304 enim
818 3243 855 3303 in
876 3242 940 3305 fine
962 3242 1117 3325 prooemii
1140 3241 1250 3323 eapitis
1273 3239 1340 3303 XV

161 3366 189 3429 p.
214 3349 338 3427 o1,18:
371 3339 607 3411 ‘Tractabimus
636 3368 709 3431 ergo
737 3350 878 3431 primum
905 3350 1035 3412 nomina
1062 3347 1261 3432 polusyllaba
1283 3368 1340 3430 po-

160 3453 460 3536 lusyllaborumquo
484 3457 695 3537 quaestiones,
722 3456 838 3519 deinde
860 3455 960 3519 uerba
983 3455 1218 3538 uerborumque
1242 3474 1341 3538 quae·

161 3561 290 3642 stiones
313 3562 488 3625 nouissime
512 3562 667 3625 oatholioa
688 3582 781 3644 uaga,
806 3582 887 3644 quae
909 3563 1085 3625 multarum
1109 3565 1341 3627 controuersia-

160 3686 234 3729 rum
257 3671 397 3730 ueterem
422 3669 592 3751 caliginem
616 3662 787 3753 dissipent'
811 3674 842 3732 et
866 3671 898 3731 in
922 3669 987 3734 fine
1011 3671 1221 3754 expositionis
1239 3691 1268 3754 p.
1286 3673 1338 3753 51,

162 3775 220 3837 23:
252 3765 450 3856 ‘Sequemur
479 3794 554 3858 ergo
582 3776 640 3838 has
669 3776 885 3839 extremitates
914 3782 969 3839 aut
999 3796 1055 3860 per
1087 3779 1194 3840 omnia
1223 3795 1343 3860 genera

161 3881 331 3943 nominum
364 3887 420 3945 aut
448 3901 504 3965 per
533 3901 583 3964 ea,
618 3901 699 3964 quae
730 3883 766 3944 in
794 3883 984 3966 quibusdam
1017 3889 1105 3966 sunt,
1138 3884 1339 3967 singulisque

161 3987 416 4052 extremitatibus
450 3991 653 4072 quaestiones
685 4009 759 4053 suas
793 3995 824 4054 et
853 3989 1069 4054 subieoiemus
1098 3995 1130 4053 et
1157 3982 1338 4054 soluemus'.

161 4091 210 4158 De
240 4114 304 4176 quo
335 4098 437 4179 eapite
465 4117 563 4179 supra
590 4095 708 4159 affatim
741 4097 883 4178 exposui.
931 4096 1095 4160 Charisius
1118 4098 1205 4162 enim
1228 4097 1340 4160 ordine

160 4200 347 4284 perturbato
361 4202 457 4285 louge
472 4205 639 4266 minimam
658 4203 753 4266 huius
769 4203 930 4266 doetrinae
949 4209 1071 4286 partem
1085 4205 1214 4287 reoepit.
1244 4202 1339 4266 Nam-

163 4327 226 4390 que
253 4309 354 4373 uerba
381 4308 619 4393 uerborumque
648 4311 849 4393 quaestiones
876 4310 971 4394 plane
998 4311 1219 4396 praetermisit.
1263 4309 1339 4373 Jam

160 4417 329 4480 nominum
361 4416 523 4479 doetrinae
547 4417 651 4500 qualis
675 4418 858 4481 constitutio
885 4417 994 4495 fuerit,
1023 4421 1143 4501 exeis,
1167 4437 1249 4501 quae
1273 4437 1341 4482 ser·

161 4527 238 4585 uota
261 4528 351 4606 sunt,
374 4522 480 4586 adhue
502 4524 579 4587 satis
601 4526 780 4608 perspicere
802 4525 885 4590 lieet.
931 4524 1077 4591 Fuerunt
1098 4527 1182 4590 enim
1208 4526 1339 4589 nomina
