<?xml version="1.0" encoding="UTF-8"?>
<!DOCTYPE html PUBLIC "-//W3C//DTD XHTML 1.0 Transitional//EN"
    "http://www.w3.org/TR/xhtml1/DTD/xhtml1-transitional.dtd">
<html xmlns="http://www.w3.org/1999/xhtml" xml:lang="en" lang="en">
 <head>
  <title>
</title>
<meta http-equiv="Content-Type" content="text/html;charset=utf-8" />
  <meta name='ocr-system' content='tesseract 3.04.00' />
  <meta name='ocr-capabilities' content='ocr_page ocr_carea ocr_par ocr_line ocrx_word'/>
</head>
<body>
  <div class='ocr_page' id='page_1' title='image "./deqremmiipalaem00marsgoog_0030.png"; bbox 0 0 3052 4958; ppageno 0'>
   <div class='ocr_carea' id='block_1_1' title="bbox 657 490 877 552">
    <p class='ocr_par' dir='ltr' id='par_1_1' title="bbox 657 490 877 552">
     <span class='ocr_line' id='line_1_1' title="bbox 657 490 877 552; baseline -0.009 -17"><span class='ocrx_word' id='word_1_1' title='bbox 657 490 877 552; x_wconf 64' lang='lat'>-25-</span> 
     </span>
    </p>
   </div>
   <div class='ocr_carea' id='block_1_2' title="bbox 149 657 1356 3740">
    <p class='ocr_par' dir='ltr' id='par_1_2' title="bbox 149 657 1355 2453">
     <span class='ocr_line' id='line_1_2' title="bbox 170 657 1352 752; baseline -0.005 -20"><span class='ocrx_word' id='word_1_2' title='bbox 170 661 464 752; x_wconf 87' lang='grc'>6666611161’226,</span> <span class='ocrx_word' id='word_1_3' title='bbox 476 668 533 747; x_wconf 91' lang='grc'>28,</span> <span class='ocrx_word' id='word_1_4' title='bbox 560 660 629 730; x_wconf 84' lang='lat' dir='ltr'>‘alii</span> <span class='ocrx_word' id='word_1_5' title='bbox 657 659 784 729; x_wconf 86' lang='lat' dir='ltr'>dieunt&#39;</span> <span class='ocrx_word' id='word_1_6' title='bbox 808 667 928 746; x_wconf 78' lang='grc'>226,.6,</span> <span class='ocrx_word' id='word_1_7' title='bbox 957 657 1137 728; x_wconf 86' lang='lat' dir='ltr'>‘nonnullis</span> <span class='ocrx_word' id='word_1_8' title='bbox 1160 665 1267 728; x_wconf 92' lang='lat' dir='ltr'>uisum</span> <span class='ocrx_word' id='word_1_9' title='bbox 1290 657 1352 727; x_wconf 83' lang='lat' dir='ltr'>est&#39;</span> 
     </span>
     <span class='ocr_line' id='line_1_3' title="bbox 171 765 1351 858; baseline -0.005 -19"><span class='ocrx_word' id='word_1_10' title='bbox 171 778 248 857; x_wconf 89' lang='grc'>232,</span> <span class='ocrx_word' id='word_1_11' title='bbox 260 777 316 854; x_wconf 94' lang='grc'>29,</span> <span class='ocrx_word' id='word_1_12' title='bbox 339 767 485 858; x_wconf 87' lang='lat' dir='ltr'>quidam</span> <span class='ocrx_word' id='word_1_13' title='bbox 509 768 665 837; x_wconf 83' lang='lat' dir='ltr'>referunt²</span> <span class='ocrx_word' id='word_1_14' title='bbox 689 775 764 855; x_wconf 90' lang='grc'>234,</span> <span class='ocrx_word' id='word_1_15' title='bbox 774 765 865 850; x_wconf 75' lang='lat'>223‘</span> <span class='ocrx_word' id='word_1_16' title='bbox 870 775 975 835; x_wconf 89' lang='lat' dir='ltr'>errant</span> <span class='ocrx_word' id='word_1_17' title='bbox 999 772 1054 855; x_wconf 91' lang='lat' dir='ltr'>qui</span> <span class='ocrx_word' id='word_1_18' title='bbox 1076 775 1135 855; x_wconf 88' lang='grc'>66</span> <span class='ocrx_word' id='word_1_19' title='bbox 1133 765 1351 852; x_wconf 83' lang='grc'>6612,,666</span> 
     </span>
     <span class='ocr_line' id='line_1_4' title="bbox 169 872 1352 966; baseline -0.005 -20.902"><span class='ocrx_word' id='word_1_20' title='bbox 169 875 262 945; x_wconf 84' lang='lat' dir='ltr'>‘tsun</span> <span class='ocrx_word' id='word_1_21' title='bbox 279 884 379 966; x_wconf 89' lang='lat' dir='ltr'>quit</span> <span class='ocrx_word' id='word_1_22' title='bbox 353 875 539 945; x_wconf 83' lang='lat' dir='ltr'>itadiount’</span> <span class='ocrx_word' id='word_1_23' title='bbox 560 883 680 962; x_wconf 69' lang='grc'>2663,</span> <span class='ocrx_word' id='word_1_24' title='bbox 698 872 770 943; x_wconf 86' lang='lat' dir='ltr'>‘sed</span> <span class='ocrx_word' id='word_1_25' title='bbox 786 879 917 963; x_wconf 91' lang='lat' dir='ltr'>quidam</span> <span class='ocrx_word' id='word_1_26' title='bbox 931 872 1197 960; x_wconf 80' lang='grc'>1116116126,14</span> <span class='ocrx_word' id='word_1_27' title='bbox 1208 897 1243 941; x_wconf 86' lang='grc'>66</span> <span class='ocrx_word' id='word_1_28' title='bbox 1245 874 1352 960; x_wconf 88' lang='grc'>616)</span> 
     </span>
     <span class='ocr_line' id='line_1_5' title="bbox 173 987 1352 1072; baseline -0.003 -22"><span class='ocrx_word' id='word_1_29' title='bbox 173 987 262 1064; x_wconf 76' lang='lat' dir='ltr'>Quae</span> <span class='ocrx_word' id='word_1_30' title='bbox 293 989 573 1072; x_wconf 85' lang='lat' dir='ltr'>grammaticorum</span> <span class='ocrx_word' id='word_1_31' title='bbox 604 988 696 1071; x_wconf 81' lang='lat' dir='ltr'>quasi</span> <span class='ocrx_word' id='word_1_32' title='bbox 727 987 857 1070; x_wconf 91' lang='grc'>6166116,</span> <span class='ocrx_word' id='word_1_33' title='bbox 891 987 1041 1069; x_wconf 90' lang='lat' dir='ltr'>quoniam</span> <span class='ocrx_word' id='word_1_34' title='bbox 1073 987 1188 1049; x_wconf 89' lang='lat' dir='ltr'>iterum</span> <span class='ocrx_word' id='word_1_35' title='bbox 1219 1005 1258 1059; x_wconf 91' lang='grc'>66</span> <span class='ocrx_word' id='word_1_36' title='bbox 1285 1004 1352 1047; x_wconf 91' lang='lat' dir='ltr'>sae-</span> 
     </span>
     <span class='ocr_line' id='line_1_6' title="bbox 172 1093 1350 1180; baseline -0.003 -23"><span class='ocrx_word' id='word_1_37' title='bbox 172 1096 245 1178; x_wconf 87' lang='lat' dir='ltr'>pius</span> <span class='ocrx_word' id='word_1_38' title='bbox 269 1095 374 1158; x_wconf 87' lang='lat' dir='ltr'>adlata</span> <span class='ocrx_word' id='word_1_39' title='bbox 397 1102 472 1159; x_wconf 91' lang='lat' dir='ltr'>sunt</span> <span class='ocrx_word' id='word_1_40' title='bbox 494 1095 551 1180; x_wconf 78' lang='grc'>(61,</span> <span class='ocrx_word' id='word_1_41' title='bbox 576 1116 605 1179; x_wconf 89' lang='lat' dir='ltr'>p.</span> <span class='ocrx_word' id='word_1_42' title='bbox 632 1096 704 1175; x_wconf 85' lang='lat'>188,</span> <span class='ocrx_word' id='word_1_43' title='bbox 715 1096 774 1172; x_wconf 91' lang='grc'>26,</span> <span class='ocrx_word' id='word_1_44' title='bbox 797 1095 869 1174; x_wconf 95' lang='grc'>189,</span> <span class='ocrx_word' id='word_1_45' title='bbox 880 1095 909 1175; x_wconf 97' lang='grc'>9,</span> <span class='ocrx_word' id='word_1_46' title='bbox 923 1095 973 1175; x_wconf 89' lang='grc'>19,</span> <span class='ocrx_word' id='word_1_47' title='bbox 984 1095 1043 1172; x_wconf 92' lang='grc'>23,</span> <span class='ocrx_word' id='word_1_48' title='bbox 1069 1093 1210 1173; x_wconf 89' lang='grc'>262,16,</span> <span class='ocrx_word' id='word_1_49' title='bbox 1230 1093 1350 1172; x_wconf 91' lang='grc'>269,9,</span> 
     </span>
     <span class='ocr_line' id='line_1_7' title="bbox 149 1198 1354 1284; baseline -0.003 -21"><span class='ocrx_word' id='word_1_50' title='bbox 149 1232 151 1238; x_wconf 62' lang='lat'>=</span> <span class='ocrx_word' id='word_1_51' title='bbox 175 1203 295 1282; x_wconf 89' lang='grc'>261,3,</span> <span class='ocrx_word' id='word_1_52' title='bbox 316 1203 390 1284; x_wconf 91' lang='grc'>262,</span> <span class='ocrx_word' id='word_1_53' title='bbox 413 1204 475 1283; x_wconf 87' lang='grc'>18),</span> <span class='ocrx_word' id='word_1_54' title='bbox 499 1222 608 1265; x_wconf 85' lang='lat' dir='ltr'>ansam</span> <span class='ocrx_word' id='word_1_55' title='bbox 631 1201 784 1284; x_wconf 76' lang='lat' dir='ltr'>praebent</span> <span class='ocrx_word' id='word_1_56' title='bbox 807 1199 1042 1283; x_wconf 81' lang='lat' dir='ltr'>cognoscendae</span> <span class='ocrx_word' id='word_1_57' title='bbox 1070 1198 1275 1262; x_wconf 86' lang='lat' dir='ltr'>Remmianae</span> <span class='ocrx_word' id='word_1_58' title='bbox 1298 1198 1354 1260; x_wconf 92' lang='lat' dir='ltr'>do-</span> 
     </span>
     <span class='ocr_line' id='line_1_8' title="bbox 174 1304 1354 1372; baseline -0.003 -3"><span class='ocrx_word' id='word_1_59' title='bbox 174 1309 301 1371; x_wconf 87' lang='lat' dir='ltr'>etrinae.</span> <span class='ocrx_word' id='word_1_60' title='bbox 334 1308 396 1371; x_wconf 92' lang='lat' dir='ltr'>His</span> <span class='ocrx_word' id='word_1_61' title='bbox 413 1308 506 1372; x_wconf 89' lang='grc'>166116</span> <span class='ocrx_word' id='word_1_62' title='bbox 525 1314 556 1372; x_wconf 91' lang='grc'>61</span> <span class='ocrx_word' id='word_1_63' title='bbox 575 1310 686 1372; x_wconf 91' lang='lat' dir='ltr'>eodem</span> <span class='ocrx_word' id='word_1_64' title='bbox 705 1308 836 1371; x_wconf 87' lang='lat' dir='ltr'>oonsilio</span> <span class='ocrx_word' id='word_1_65' title='bbox 853 1307 1015 1369; x_wconf 92' lang='lat' dir='ltr'>adduntur</span> <span class='ocrx_word' id='word_1_66' title='bbox 1033 1306 1185 1368; x_wconf 82' lang='lat' dir='ltr'>dictiones</span> <span class='ocrx_word' id='word_1_67' title='bbox 1204 1304 1354 1367; x_wconf 91' lang='lat' dir='ltr'>monendi</span> 
     </span>
     <span class='ocr_line' id='line_1_9' title="bbox 172 1405 1351 1498; baseline -0.003 -21"><span class='ocrx_word' id='word_1_68' title='bbox 172 1415 369 1498; x_wconf 84' lang='lat' dir='ltr'>urgendique</span> <span class='ocrx_word' id='word_1_69' title='bbox 408 1434 504 1478; x_wconf 85' lang='lat' dir='ltr'>eausa</span> <span class='ocrx_word' id='word_1_70' title='bbox 546 1416 724 1478; x_wconf 76' lang='lat' dir='ltr'>adhibitae:</span> <span class='ocrx_word' id='word_1_71' title='bbox 765 1407 900 1477; x_wconf 89' lang='lat' dir='ltr'>‘etenim</span> <span class='ocrx_word' id='word_1_72' title='bbox 941 1405 1092 1475; x_wconf 88' lang='lat' dir='ltr'>dioimus&#39;</span> <span class='ocrx_word' id='word_1_73' title='bbox 1132 1432 1161 1495; x_wconf 92' lang='lat' dir='ltr'>p.</span> <span class='ocrx_word' id='word_1_74' title='bbox 1197 1412 1351 1492; x_wconf 91' lang='grc'>188,16,</span> 
     </span>
     <span class='ocr_line' id='line_1_10' title="bbox 171 1510 1354 1603; baseline -0.003 -20"><span class='ocrx_word' id='word_1_75' title='bbox 171 1512 327 1603; x_wconf 79' lang='lat' dir='ltr'>‘quaestio</span> <span class='ocrx_word' id='word_1_76' title='bbox 343 1516 462 1584; x_wconf 84' lang='lat' dir='ltr'>oritur’</span> <span class='ocrx_word' id='word_1_77' title='bbox 485 1524 604 1603; x_wconf 82' lang='lat'>189,3;</span> <span class='ocrx_word' id='word_1_78' title='bbox 627 1514 882 1584; x_wconf 74' lang='lat' dir='ltr'>‘obseruabimus</span> <span class='ocrx_word' id='word_1_79' title='bbox 901 1512 1020 1583; x_wconf 83' lang='lat' dir='ltr'>dicere’</span> <span class='ocrx_word' id='word_1_80' title='bbox 1043 1520 1182 1599; x_wconf 90' lang='grc'>189,21,</span> <span class='ocrx_word' id='word_1_81' title='bbox 1205 1510 1354 1601; x_wconf 86' lang='lat' dir='ltr'>tpeooant</span> 
     </span>
     <span class='ocr_line' id='line_1_11' title="bbox 174 1617 1354 1709; baseline -0.003 -19"><span class='ocrx_word' id='word_1_82' title='bbox 174 1622 246 1709; x_wconf 83' lang='lat' dir='ltr'>qui&#39;</span> <span class='ocrx_word' id='word_1_83' title='bbox 270 1630 345 1709; x_wconf 89' lang='grc'>232,</span> <span class='ocrx_word' id='word_1_84' title='bbox 359 1631 415 1706; x_wconf 87' lang='grc'>13,</span> <span class='ocrx_word' id='word_1_85' title='bbox 441 1622 539 1691; x_wconf 84' lang='lat' dir='ltr'>‘illud</span> <span class='ocrx_word' id='word_1_86' title='bbox 563 1634 669 1691; x_wconf 87' lang='grc'>166166</span> <span class='ocrx_word' id='word_1_87' title='bbox 692 1621 947 1691; x_wconf 84' lang='lat' dir='ltr'>obseruabimus&#39;</span> <span class='ocrx_word' id='word_1_88' title='bbox 971 1628 1091 1707; x_wconf 91' lang='grc'>249,1,</span> <span class='ocrx_word' id='word_1_89' title='bbox 1120 1617 1354 1688; x_wconf 84' lang='lat' dir='ltr'>‘adnotandum</span> 
     </span>
     <span class='ocr_line' id='line_1_12' title="bbox 173 1727 1352 1815; baseline -0.002 -19"><span class='ocrx_word' id='word_1_90' title='bbox 173 1729 365 1797; x_wconf 86' lang='grc'>161666661’</span> <span class='ocrx_word' id='word_1_91' title='bbox 392 1736 512 1815; x_wconf 89' lang='grc'>249,6,</span> <span class='ocrx_word' id='word_1_92' title='bbox 542 1727 653 1798; x_wconf 81' lang='lat' dir='ltr'>‘nemo</span> <span class='ocrx_word' id='word_1_93' title='bbox 683 1736 768 1797; x_wconf 90' lang='grc'>66161</span> <span class='ocrx_word' id='word_1_94' title='bbox 796 1728 888 1797; x_wconf 64' lang='grc'>111611</span> <span class='ocrx_word' id='word_1_95' title='bbox 916 1734 1133 1813; x_wconf 89' lang='grc'>249,10,14,</span> <span class='ocrx_word' id='word_1_96' title='bbox 1159 1732 1278 1813; x_wconf 92' lang='grc'>264,8,</span> <span class='ocrx_word' id='word_1_97' title='bbox 1296 1733 1352 1812; x_wconf 89' lang='grc'>13,</span> 
     </span>
     <span class='ocr_line' id='line_1_13' title="bbox 171 1831 1352 1923; baseline -0.001 -21"><span class='ocrx_word' id='word_1_98' title='bbox 171 1834 321 1903; x_wconf 82' lang='lat' dir='ltr'>‘dicimus</span> <span class='ocrx_word' id='word_1_99' title='bbox 352 1835 452 1903; x_wconf 84' lang='lat' dir='ltr'>enim&#39;</span> <span class='ocrx_word' id='word_1_100' title='bbox 481 1844 628 1923; x_wconf 90' lang='grc'>264,11,</span> <span class='ocrx_word' id='word_1_101' title='bbox 658 1834 749 1904; x_wconf 87' lang='lat' dir='ltr'>‘dum</span> <span class='ocrx_word' id='word_1_102' title='bbox 777 1841 858 1904; x_wconf 92' lang='lat' dir='ltr'>illud</span> <span class='ocrx_word' id='word_1_103' title='bbox 887 1846 992 1903; x_wconf 91' lang='lat' dir='ltr'>tamen</span> <span class='ocrx_word' id='word_1_104' title='bbox 1021 1831 1175 1902; x_wconf 86' lang='lat' dir='ltr'>seiamus&#39;</span> <span class='ocrx_word' id='word_1_105' title='bbox 1203 1840 1352 1920; x_wconf 91' lang='grc'>264,14,</span> 
     </span>
     <span class='ocr_line' id='line_1_14' title="bbox 173 1939 1352 2030; baseline -0.001 -21"><span class='ocrx_word' id='word_1_106' title='bbox 173 1939 405 2029; x_wconf 86' lang='lat' dir='ltr'>‘quaerendum</span> <span class='ocrx_word' id='word_1_107' title='bbox 424 1943 486 2011; x_wconf 81' lang='lat' dir='ltr'>est&#39;</span> <span class='ocrx_word' id='word_1_108' title='bbox 510 1950 655 2030; x_wconf 80' lang='grc'>26610,</span> <span class='ocrx_word' id='word_1_109' title='bbox 678 1941 741 2011; x_wconf 85' lang='lat' dir='ltr'>‘ita</span> <span class='ocrx_word' id='word_1_110' title='bbox 764 1954 869 2011; x_wconf 90' lang='lat' dir='ltr'>tamen</span> <span class='ocrx_word' id='word_1_111' title='bbox 893 1940 1187 2029; x_wconf 84' lang='grc'>61161611666666’</span> <span class='ocrx_word' id='word_1_112' title='bbox 1210 1947 1284 2025; x_wconf 91' lang='grc'>266,</span> <span class='ocrx_word' id='word_1_113' title='bbox 1295 1945 1352 2023; x_wconf 91' lang='grc'>26,</span> 
     </span>
     <span class='ocr_line' id='line_1_15' title="bbox 172 2045 1352 2139; baseline -0.002 -23"><span class='ocrx_word' id='word_1_114' title='bbox 172 2045 371 2117; x_wconf 84' lang='lat' dir='ltr'>‘inuenimus</span> <span class='ocrx_word' id='word_1_115' title='bbox 400 2056 485 2139; x_wconf 91' lang='lat' dir='ltr'>apud</span> <span class='ocrx_word' id='word_1_116' title='bbox 513 2049 674 2119; x_wconf 81' lang='lat' dir='ltr'>auetores’</span> <span class='ocrx_word' id='word_1_117' title='bbox 701 2057 776 2136; x_wconf 88' lang='grc'>267,</span> <span class='ocrx_word' id='word_1_118' title='bbox 793 2057 829 2133; x_wconf 91' lang='grc'>2,</span> <span class='ocrx_word' id='word_1_119' title='bbox 858 2046 1051 2117; x_wconf 86' lang='lat' dir='ltr'>‘uidendum</span> <span class='ocrx_word' id='word_1_120' title='bbox 1074 2059 1121 2116; x_wconf 90' lang='lat' dir='ltr'>est</span> <span class='ocrx_word' id='word_1_121' title='bbox 1142 2047 1200 2116; x_wconf 85' lang='lat' dir='ltr'>ne&#39;</span> <span class='ocrx_word' id='word_1_122' title='bbox 1229 2053 1352 2132; x_wconf 79' lang='lat'>260,5;</span> 
     </span>
     <span class='ocr_line' id='line_1_16' title="bbox 173 2152 1352 2243; baseline -0.002 -20"><span class='ocrx_word' id='word_1_123' title='bbox 173 2152 382 2224; x_wconf 85' lang='lat' dir='ltr'>‘admonendi</span> <span class='ocrx_word' id='word_1_124' title='bbox 401 2167 506 2225; x_wconf 90' lang='lat' dir='ltr'>tamen</span> <span class='ocrx_word' id='word_1_125' title='bbox 526 2157 652 2226; x_wconf 85' lang='lat' dir='ltr'>sumus&#39;</span> <span class='ocrx_word' id='word_1_126' title='bbox 671 2163 746 2243; x_wconf 92' lang='grc'>262,</span> <span class='ocrx_word' id='word_1_127' title='bbox 759 2164 815 2241; x_wconf 89' lang='grc'>12,</span> <span class='ocrx_word' id='word_1_128' title='bbox 838 2153 919 2224; x_wconf 85' lang='lat' dir='ltr'>‘non</span> <span class='ocrx_word' id='word_1_129' title='bbox 935 2162 1020 2224; x_wconf 90' lang='lat' dir='ltr'>enim</span> <span class='ocrx_word' id='word_1_130' title='bbox 1035 2154 1187 2223; x_wconf 83' lang='lat' dir='ltr'>dioimus’</span> <span class='ocrx_word' id='word_1_131' title='bbox 1210 2160 1352 2240; x_wconf 83' lang='lat'>262,15;</span> 
     </span>
     <span class='ocr_line' id='line_1_17' title="bbox 172 2259 1355 2351; baseline -0.001 -22"><span class='ocrx_word' id='word_1_132' title='bbox 172 2260 363 2350; x_wconf 82' lang='lat' dir='ltr'>‘reperimus</span> <span class='ocrx_word' id='word_1_133' title='bbox 396 2269 482 2351; x_wconf 90' lang='lat' dir='ltr'>apud</span> <span class='ocrx_word' id='word_1_134' title='bbox 513 2262 652 2332; x_wconf 83' lang='lat' dir='ltr'>ueteres’</span> <span class='ocrx_word' id='word_1_135' title='bbox 684 2270 759 2348; x_wconf 88' lang='grc'>264,</span> <span class='ocrx_word' id='word_1_136' title='bbox 777 2271 813 2346; x_wconf 93' lang='grc'>3,</span> <span class='ocrx_word' id='word_1_137' title='bbox 845 2259 944 2331; x_wconf 84' lang='lat' dir='ltr'>‘seire</span> <span class='ocrx_word' id='word_1_138' title='bbox 976 2272 1082 2330; x_wconf 90' lang='grc'>661661</span> <span class='ocrx_word' id='word_1_139' title='bbox 1114 2272 1145 2329; x_wconf 88' lang='grc'>61</span> <span class='ocrx_word' id='word_1_140' title='bbox 1173 2266 1355 2330; x_wconf 77' lang='lat' dir='ltr'>meminisse</span> 
     </span>
     <span class='ocr_line' id='line_1_18' title="bbox 176 2368 604 2453; baseline 0.007 -20"><span class='ocrx_word' id='word_1_141' title='bbox 176 2368 343 2435; x_wconf 80' lang='lat' dir='ltr'>debemus&#39;</span> <span class='ocrx_word' id='word_1_142' title='bbox 368 2376 491 2453; x_wconf 89' lang='grc'>291,9,</span> <span class='ocrx_word' id='word_1_143' title='bbox 517 2375 604 2437; x_wconf 89' lang='lat' dir='ltr'>aliae.</span> 
     </span>
    </p>

    <p class='ocr_par' dir='ltr' id='par_1_3' title="bbox 174 2479 1356 3740">
     <span class='ocr_line' id='line_1_19' title="bbox 264 2479 1355 2563; baseline 0.002 -23"><span class='ocrx_word' id='word_1_144' title='bbox 264 2479 372 2541; x_wconf 89' lang='lat' dir='ltr'>Verba</span> <span class='ocrx_word' id='word_1_145' title='bbox 392 2485 430 2542; x_wconf 93' lang='lat' dir='ltr'>ut</span> <span class='ocrx_word' id='word_1_146' title='bbox 448 2501 477 2563; x_wconf 91' lang='lat' dir='ltr'>p.</span> <span class='ocrx_word' id='word_1_147' title='bbox 505 2482 576 2561; x_wconf 91' lang='grc'>168,</span> <span class='ocrx_word' id='word_1_148' title='bbox 592 2482 634 2544; x_wconf 88' lang='grc'>36</span> <span class='ocrx_word' id='word_1_149' title='bbox 659 2500 727 2563; x_wconf 87' lang='lat' dir='ltr'>sqq.</span> <span class='ocrx_word' id='word_1_150' title='bbox 752 2480 973 2560; x_wconf 89' lang='grc'>236,10-16</span> <span class='ocrx_word' id='word_1_151' title='bbox 997 2481 1029 2540; x_wconf 88' lang='grc'>16</span> <span class='ocrx_word' id='word_1_152' title='bbox 1056 2485 1206 2562; x_wconf 89' lang='lat' dir='ltr'>quattuor</span> <span class='ocrx_word' id='word_1_153' title='bbox 1229 2480 1355 2542; x_wconf 86' lang='lat' dir='ltr'>ordines</span> 
     </span>
     <span class='ocr_line' id='line_1_20' title="bbox 177 2586 1356 2669; baseline 0.002 -22"><span class='ocrx_word' id='word_1_154' title='bbox 177 2587 223 2647; x_wconf 86' lang='lat' dir='ltr'>sio</span> <span class='ocrx_word' id='word_1_155' title='bbox 255 2586 365 2649; x_wconf 90' lang='lat' dir='ltr'>itidem</span> <span class='ocrx_word' id='word_1_156' title='bbox 397 2588 526 2649; x_wconf 88' lang='grc'>66111166</span> <span class='ocrx_word' id='word_1_157' title='bbox 563 2587 690 2667; x_wconf 78' lang='grc'>11161611,</span> <span class='ocrx_word' id='word_1_158' title='bbox 728 2586 886 2649; x_wconf 77' lang='lat' dir='ltr'>indicatae</span> <span class='ocrx_word' id='word_1_159' title='bbox 920 2586 1045 2669; x_wconf 89' lang='lat' dir='ltr'>quidem</span> <span class='ocrx_word' id='word_1_160' title='bbox 1082 2591 1158 2649; x_wconf 92' lang='lat' dir='ltr'>sunt</span> <span class='ocrx_word' id='word_1_161' title='bbox 1188 2588 1356 2649; x_wconf 91' lang='lat' dir='ltr'>nominum</span> 
     </span>
     <span class='ocr_line' id='line_1_21' title="bbox 177 2693 1354 2778; baseline 0 -23"><span class='ocrx_word' id='word_1_162' title='bbox 177 2693 402 2756; x_wconf 79' lang='lat' dir='ltr'>declinationes</span> <span class='ocrx_word' id='word_1_163' title='bbox 434 2695 538 2778; x_wconf 91' lang='lat' dir='ltr'>prima</span> <span class='ocrx_word' id='word_1_164' title='bbox 569 2694 709 2758; x_wconf 79' lang='lat' dir='ltr'>secunda</span> <span class='ocrx_word' id='word_1_165' title='bbox 741 2694 833 2757; x_wconf 89' lang='lat' dir='ltr'>tertia</span> <span class='ocrx_word' id='word_1_166' title='bbox 864 2714 893 2777; x_wconf 90' lang='lat' dir='ltr'>p.</span> <span class='ocrx_word' id='word_1_167' title='bbox 929 2695 1001 2775; x_wconf 92' lang='grc'>188,</span> <span class='ocrx_word' id='word_1_168' title='bbox 1019 2697 1069 2774; x_wconf 91' lang='grc'>12,</span> <span class='ocrx_word' id='word_1_169' title='bbox 1086 2697 1143 2774; x_wconf 91' lang='grc'>14,</span> <span class='ocrx_word' id='word_1_170' title='bbox 1179 2698 1292 2777; x_wconf 87' lang='lat' dir='ltr'>quarta</span> <span class='ocrx_word' id='word_1_171' title='bbox 1324 2713 1354 2776; x_wconf 92' lang='lat' dir='ltr'>p.</span> 
     </span>
     <span class='ocr_line' id='line_1_22' title="bbox 176 2798 1356 2885; baseline -0.002 -22"><span class='ocrx_word' id='word_1_172' title='bbox 176 2801 250 2882; x_wconf 92' lang='grc'>292,</span> <span class='ocrx_word' id='word_1_173' title='bbox 263 2804 291 2863; x_wconf 92' lang='grc'>6.</span> <span class='ocrx_word' id='word_1_174' title='bbox 312 2837 354 2846; x_wconf 94' lang='grc'>-</span> <span class='ocrx_word' id='word_1_175' title='bbox 375 2798 575 2885; x_wconf 79' lang='lat' dir='ltr'>Quantopere</span> <span class='ocrx_word' id='word_1_176' title='bbox 593 2807 742 2864; x_wconf 84' lang='lat' dir='ltr'>aeeentus</span> <span class='ocrx_word' id='word_1_177' title='bbox 767 2801 807 2863; x_wconf 86' lang='lat' dir='ltr'>ad</span> <span class='ocrx_word' id='word_1_178' title='bbox 830 2801 898 2863; x_wconf 88' lang='lat' dir='ltr'>uim</span> <span class='ocrx_word' id='word_1_179' title='bbox 921 2820 958 2864; x_wconf 91' lang='grc'>66</span> <span class='ocrx_word' id='word_1_180' title='bbox 980 2806 1166 2885; x_wconf 87' lang='lat' dir='ltr'>potestatem</span> <span class='ocrx_word' id='word_1_181' title='bbox 1184 2799 1356 2864; x_wconf 90' lang='lat' dir='ltr'>uerborum</span> 
     </span>
     <span class='ocr_line' id='line_1_23' title="bbox 174 2909 1354 2992; baseline 0.003 -23"><span class='ocrx_word' id='word_1_182' title='bbox 174 2909 366 2989; x_wconf 89' lang='lat' dir='ltr'>pertineant,</span> <span class='ocrx_word' id='word_1_183' title='bbox 391 2909 555 2990; x_wconf 90' lang='lat' dir='ltr'>quaeritur</span> <span class='ocrx_word' id='word_1_184' title='bbox 576 2929 605 2992; x_wconf 92' lang='lat' dir='ltr'>p.</span> <span class='ocrx_word' id='word_1_185' title='bbox 634 2910 773 2990; x_wconf 89' lang='grc'>189,10,</span> <span class='ocrx_word' id='word_1_186' title='bbox 798 2909 873 2990; x_wconf 91' lang='grc'>226,</span> <span class='ocrx_word' id='word_1_187' title='bbox 888 2909 945 2988; x_wconf 91' lang='grc'>21,</span> <span class='ocrx_word' id='word_1_188' title='bbox 971 2910 1045 2991; x_wconf 94' lang='grc'>227,</span> <span class='ocrx_word' id='word_1_189' title='bbox 1060 2909 1119 2989; x_wconf 91' lang='grc'>30,</span> <span class='ocrx_word' id='word_1_190' title='bbox 1145 2910 1219 2990; x_wconf 93' lang='grc'>228,</span> <span class='ocrx_word' id='word_1_191' title='bbox 1235 2910 1264 2991; x_wconf 89' lang='grc'>3,</span> <span class='ocrx_word' id='word_1_192' title='bbox 1280 2909 1309 2989; x_wconf 91' lang='grc'>8,</span> <span class='ocrx_word' id='word_1_193' title='bbox 1325 2910 1354 2990; x_wconf 92' lang='grc'>9,</span> 
     </span>
     <span class='ocr_line' id='line_1_24' title="bbox 178 3014 1356 3098; baseline 0.003 -23"><span class='ocrx_word' id='word_1_194' title='bbox 178 3015 291 3094; x_wconf 89' lang='grc'>13,16,</span> <span class='ocrx_word' id='word_1_195' title='bbox 305 3016 361 3092; x_wconf 92' lang='grc'>19,</span> <span class='ocrx_word' id='word_1_196' title='bbox 382 3016 456 3096; x_wconf 87' lang='grc'>231,</span> <span class='ocrx_word' id='word_1_197' title='bbox 468 3017 497 3097; x_wconf 91' lang='grc'>6,</span> <span class='ocrx_word' id='word_1_198' title='bbox 508 3018 566 3095; x_wconf 90' lang='grc'>24,</span> <span class='ocrx_word' id='word_1_199' title='bbox 587 3018 731 3097; x_wconf 88' lang='grc'>232,19,</span> <span class='ocrx_word' id='word_1_200' title='bbox 752 3017 827 3096; x_wconf 89' lang='grc'>234,</span> <span class='ocrx_word' id='word_1_201' title='bbox 840 3017 889 3078; x_wconf 92' lang='grc'>18.</span> <span class='ocrx_word' id='word_1_202' title='bbox 902 3014 1054 3079; x_wconf 89' lang='lat' dir='ltr'>-Porro</span> <span class='ocrx_word' id='word_1_203' title='bbox 1073 3015 1254 3096; x_wconf 78' lang='lat' dir='ltr'>Palaemon,</span> <span class='ocrx_word' id='word_1_204' title='bbox 1274 3034 1356 3098; x_wconf 90' lang='lat' dir='ltr'>quae</span> 
     </span>
     <span class='ocr_line' id='line_1_25' title="bbox 177 3119 1355 3205; baseline 0.002 -25"><span class='ocrx_word' id='word_1_205' title='bbox 177 3124 225 3180; x_wconf 91' lang='lat' dir='ltr'>est</span> <span class='ocrx_word' id='word_1_206' title='bbox 247 3119 381 3181; x_wconf 89' lang='lat' dir='ltr'>doeendi</span> <span class='ocrx_word' id='word_1_207' title='bbox 404 3121 473 3183; x_wconf 89' lang='lat' dir='ltr'>eius</span> <span class='ocrx_word' id='word_1_208' title='bbox 498 3123 590 3201; x_wconf 89' lang='lat' dir='ltr'>ratio,</span> <span class='ocrx_word' id='word_1_209' title='bbox 624 3121 744 3204; x_wconf 91' lang='lat' dir='ltr'>ubique</span> <span class='ocrx_word' id='word_1_210' title='bbox 766 3141 826 3203; x_wconf 90' lang='lat' dir='ltr'>res,</span> <span class='ocrx_word' id='word_1_211' title='bbox 856 3123 980 3185; x_wconf 87' lang='lat' dir='ltr'>etiamsi</span> <span class='ocrx_word' id='word_1_212' title='bbox 1002 3141 1077 3185; x_wconf 92' lang='lat' dir='ltr'>uere</span> <span class='ocrx_word' id='word_1_213' title='bbox 1099 3122 1288 3205; x_wconf 82' lang='lat' dir='ltr'>proprieque</span> <span class='ocrx_word' id='word_1_214' title='bbox 1316 3121 1355 3183; x_wconf 90' lang='lat' dir='ltr'>de</span> 
     </span>
     <span class='ocr_line' id='line_1_26' title="bbox 177 3225 1354 3311; baseline 0.002 -25"><span class='ocrx_word' id='word_1_215' title='bbox 177 3225 222 3287; x_wconf 89' lang='lat' dir='ltr'>eis</span> <span class='ocrx_word' id='word_1_216' title='bbox 252 3244 317 3287; x_wconf 92' lang='lat' dir='ltr'>non</span> <span class='ocrx_word' id='word_1_217' title='bbox 348 3227 413 3307; x_wconf 89' lang='grc'>6611</span> <span class='ocrx_word' id='word_1_218' title='bbox 413 3247 460 3307; x_wconf 92' lang='lat' dir='ltr'>ur,</span> <span class='ocrx_word' id='word_1_219' title='bbox 493 3232 599 3289; x_wconf 90' lang='lat' dir='ltr'>tamen</span> <span class='ocrx_word' id='word_1_220' title='bbox 629 3229 656 3290; x_wconf 91' lang='lat' dir='ltr'>si</span> <span class='ocrx_word' id='word_1_221' title='bbox 683 3228 761 3290; x_wconf 90' lang='lat' dir='ltr'>alias</span> <span class='ocrx_word' id='word_1_222' title='bbox 792 3228 1134 3311; x_wconf 73' lang='grc'>666116666116111161</span> <span class='ocrx_word' id='word_1_223' title='bbox 1162 3228 1354 3311; x_wconf 85' lang='lat' dir='ltr'>perstringit</span> 
     </span>
     <span class='ocr_line' id='line_1_27' title="bbox 178 3329 1355 3418; baseline 0.003 -25"><span class='ocrx_word' id='word_1_224' title='bbox 178 3329 248 3406; x_wconf 79' lang='lat' dir='ltr'>Quo</span> <span class='ocrx_word' id='word_1_225' title='bbox 277 3331 397 3394; x_wconf 84' lang='grc'>1661161</span> <span class='ocrx_word' id='word_1_226' title='bbox 424 3336 484 3415; x_wconf 88' lang='grc'>66,</span> <span class='ocrx_word' id='word_1_227' title='bbox 516 3334 715 3398; x_wconf 91' lang='lat' dir='ltr'>utdiuersis</span> <span class='ocrx_word' id='word_1_228' title='bbox 742 3354 984 3418; x_wconf 89' lang='lat' dir='ltr'>nonnumquam</span> <span class='ocrx_word' id='word_1_229' title='bbox 1014 3336 1094 3398; x_wconf 89' lang='lat' dir='ltr'>loeis</span> <span class='ocrx_word' id='word_1_230' title='bbox 1126 3335 1237 3398; x_wconf 89' lang='lat' dir='ltr'>eadem</span> <span class='ocrx_word' id='word_1_231' title='bbox 1265 3353 1355 3417; x_wconf 89' lang='grc'>6166-</span> 
     </span>
     <span class='ocr_line' id='line_1_28' title="bbox 176 3383 1356 3522; baseline 0.002 -21"><span class='ocrx_word' id='word_1_232' title='bbox 176 3443 268 3522; x_wconf 88' lang='grc'>66616</span> <span class='ocrx_word' id='word_1_233' title='bbox 292 3439 319 3502; x_wconf 89' lang='grc'>61</span> <span class='ocrx_word' id='word_1_234' title='bbox 346 3458 412 3501; x_wconf 91' lang='grc'>666</span> <span class='ocrx_word' id='word_1_235' title='bbox 435 3383 545 3503; x_wconf 89' lang='lat' dir='ltr'>eodem</span> <span class='ocrx_word' id='word_1_236' title='bbox 566 3441 739 3505; x_wconf 89' lang='lat' dir='ltr'>uerborum</span> <span class='ocrx_word' id='word_1_237' title='bbox 762 3443 899 3504; x_wconf 88' lang='lat' dir='ltr'>eireuitu</span> <span class='ocrx_word' id='word_1_238' title='bbox 922 3446 1029 3504; x_wconf 90' lang='lat' dir='ltr'>tamen</span> <span class='ocrx_word' id='word_1_239' title='bbox 1056 3441 1153 3504; x_wconf 88' lang='grc'>6161111</span> <span class='ocrx_word' id='word_1_240' title='bbox 1175 3441 1268 3504; x_wconf 92' lang='lat' dir='ltr'>modo</span> <span class='ocrx_word' id='word_1_241' title='bbox 1292 3445 1356 3504; x_wconf 91' lang='lat' dir='ltr'>tra·</span> 
     </span>
     <span class='ocr_line' id='line_1_29' title="bbox 178 3545 1356 3632; baseline 0.004 -25"><span class='ocrx_word' id='word_1_242' title='bbox 178 3546 245 3608; x_wconf 91' lang='lat' dir='ltr'>dita</span> <span class='ocrx_word' id='word_1_243' title='bbox 278 3545 561 3628; x_wconf 85' lang='lat' dir='ltr'>deprehendantur.</span> <span class='ocrx_word' id='word_1_244' title='bbox 608 3548 736 3612; x_wconf 77' lang='lat' dir='ltr'>Accidit</span> <span class='ocrx_word' id='word_1_245' title='bbox 763 3550 872 3631; x_wconf 88' lang='lat' dir='ltr'>etiam,</span> <span class='ocrx_word' id='word_1_246' title='bbox 901 3554 939 3612; x_wconf 92' lang='lat' dir='ltr'>ut</span> <span class='ocrx_word' id='word_1_247' title='bbox 965 3549 1000 3611; x_wconf 93' lang='lat' dir='ltr'>id</span> <span class='ocrx_word' id='word_1_248' title='bbox 1026 3549 1093 3632; x_wconf 90' lang='lat' dir='ltr'>ipse</span> <span class='ocrx_word' id='word_1_249' title='bbox 1120 3549 1240 3612; x_wconf 86' lang='lat' dir='ltr'>indicet</span> <span class='ocrx_word' id='word_1_250' title='bbox 1265 3548 1356 3612; x_wconf 87' lang='lat' dir='ltr'>uelut</span> 
     </span>
     <span class='ocr_line' id='line_1_30' title="bbox 177 3652 1355 3740; baseline 0.004 -27"><span class='ocrx_word' id='word_1_251' title='bbox 177 3653 213 3714; x_wconf 90' lang='lat' dir='ltr'>in</span> <span class='ocrx_word' id='word_1_252' title='bbox 237 3652 462 3716; x_wconf 84' lang='lat' dir='ltr'>aduerbiorimr</span> <span class='ocrx_word' id='word_1_253' title='bbox 485 3653 541 3717; x_wconf 91' lang='lat' dir='ltr'>illa</span> <span class='ocrx_word' id='word_1_254' title='bbox 562 3656 720 3738; x_wconf 81' lang='lat' dir='ltr'>particula</span> <span class='ocrx_word' id='word_1_255' title='bbox 741 3677 770 3740; x_wconf 88' lang='lat' dir='ltr'>p.</span> <span class='ocrx_word' id='word_1_256' title='bbox 797 3657 933 3737; x_wconf 92' lang='grc'>188,18,</span> <span class='ocrx_word' id='word_1_257' title='bbox 956 3655 1013 3718; x_wconf 86' lang='grc'>661</span> <span class='ocrx_word' id='word_1_258' title='bbox 1037 3656 1075 3718; x_wconf 95' lang='lat' dir='ltr'>de</span> <span class='ocrx_word' id='word_1_259' title='bbox 1097 3656 1276 3719; x_wconf 84' lang='lat' dir='ltr'>ciuitatium</span> <span class='ocrx_word' id='word_1_260' title='bbox 1298 3675 1355 3718; x_wconf 94' lang='lat' dir='ltr'>no-</span> 
     </span>
    </p>
   </div>
   <div class='ocr_carea' id='block_1_3' title="bbox 175 3900 1356 4593">
    <p class='ocr_par' dir='ltr' id='par_1_4' title="bbox 175 3900 1356 4323">
     <span class='ocr_line' id='line_1_31' title="bbox 267 3900 1355 3972; baseline 0.002 -18"><span class='ocrx_word' id='word_1_261' title='bbox 267 3900 289 3970; x_wconf 85' lang='grc'>1)</span> <span class='ocrx_word' id='word_1_262' title='bbox 308 3903 333 3954; x_wconf 82' lang='grc' dir='ltr'><strong>Α</strong></span> <span class='ocrx_word' id='word_1_263' title='bbox 351 3900 473 3956; x_wconf 85' lang='lat' dir='ltr'>Charisio</span> <span class='ocrx_word' id='word_1_264' title='bbox 492 3917 524 3956; x_wconf 91' lang='lat' dir='ltr'>ea</span> <span class='ocrx_word' id='word_1_265' title='bbox 542 3902 634 3957; x_wconf 84' lang='lat' dir='ltr'>addita</span> <span class='ocrx_word' id='word_1_266' title='bbox 653 3918 713 3958; x_wconf 89' lang='lat' dir='ltr'>esse</span> <span class='ocrx_word' id='word_1_267' title='bbox 731 3919 765 3956; x_wconf 88' lang='grc'>116</span> <span class='ocrx_word' id='word_1_268' title='bbox 784 3903 938 3972; x_wconf 77' lang='lat' dir='ltr'>credamus,</span> <span class='ocrx_word' id='word_1_269' title='bbox 957 3903 1130 3971; x_wconf 88' lang='lat' dir='ltr'>prohibemur</span> <span class='ocrx_word' id='word_1_270' title='bbox 1148 3918 1188 3971; x_wconf 91' lang='lat' dir='ltr'>eo,</span> <span class='ocrx_word' id='word_1_271' title='bbox 1208 3902 1278 3971; x_wconf 89' lang='lat' dir='ltr'>quod</span> <span class='ocrx_word' id='word_1_272' title='bbox 1297 3904 1355 3956; x_wconf 88' lang='lat' dir='ltr'>arte</span> 
     </span>
     <span class='ocr_line' id='line_1_32' title="bbox 177 3984 1355 4060; baseline 0.007 -22"><span class='ocrx_word' id='word_1_273' title='bbox 177 3984 353 4043; x_wconf 89' lang='lat' dir='ltr'>Remmianae</span> <span class='ocrx_word' id='word_1_274' title='bbox 372 3991 507 4045; x_wconf 87' lang='lat' dir='ltr'>doetrinae</span> <span class='ocrx_word' id='word_1_275' title='bbox 525 3991 629 4046; x_wconf 86' lang='lat' dir='ltr'>intexta</span> <span class='ocrx_word' id='word_1_276' title='bbox 646 3993 711 4046; x_wconf 90' lang='lat' dir='ltr'>sunt</span> <span class='ocrx_word' id='word_1_277' title='bbox 729 3994 756 4045; x_wconf 91' lang='lat' dir='ltr'>et</span> <span class='ocrx_word' id='word_1_278' title='bbox 769 3993 841 4060; x_wconf 88' lang='lat' dir='ltr'>quod</span> <span class='ocrx_word' id='word_1_279' title='bbox 853 3992 996 4046; x_wconf 87' lang='lat' dir='ltr'>Diomedes</span> <span class='ocrx_word' id='word_1_280' title='bbox 1015 3991 1121 4060; x_wconf 85' lang='lat' dir='ltr'>aliique,</span> <span class='ocrx_word' id='word_1_281' title='bbox 1141 3991 1188 4059; x_wconf 90' lang='lat' dir='ltr'>qui</span> <span class='ocrx_word' id='word_1_282' title='bbox 1205 3991 1355 4046; x_wconf 80' lang='grc'>6611611616</span> 
     </span>
     <span class='ocr_line' id='line_1_33' title="bbox 177 4077 1356 4150; baseline 0.006 -23"><span class='ocrx_word' id='word_1_283' title='bbox 177 4091 232 4128; x_wconf 88' lang='grc'>666</span> <span class='ocrx_word' id='word_1_284' title='bbox 250 4077 376 4146; x_wconf 89' lang='lat' dir='ltr'>pendent,</span> <span class='ocrx_word' id='word_1_285' title='bbox 394 4080 488 4134; x_wconf 89' lang='lat' dir='ltr'>eadem</span> <span class='ocrx_word' id='word_1_286' title='bbox 498 4079 733 4148; x_wconf 78' lang='lat' dir='ltr'>transcripserunt.</span> <span class='ocrx_word' id='word_1_287' title='bbox 761 4079 806 4134; x_wconf 87' lang='lat' dir='ltr'>Sio</span> <span class='ocrx_word' id='word_1_288' title='bbox 824 4081 969 4136; x_wconf 88' lang='lat' dir='ltr'>Diomedes</span> <span class='ocrx_word' id='word_1_289' title='bbox 987 4098 1012 4149; x_wconf 93' lang='lat' dir='ltr'>p.</span> <span class='ocrx_word' id='word_1_290' title='bbox 1026 4084 1087 4149; x_wconf 87' lang='grc'>416,</span> <span class='ocrx_word' id='word_1_291' title='bbox 1103 4085 1144 4149; x_wconf 90' lang='grc'>18,</span> <span class='ocrx_word' id='word_1_292' title='bbox 1158 4084 1200 4150; x_wconf 87' lang='grc'>27,</span> <span class='ocrx_word' id='word_1_293' title='bbox 1219 4083 1251 4134; x_wconf 89' lang='grc'>61</span> <span class='ocrx_word' id='word_1_294' title='bbox 1268 4097 1356 4134; x_wconf 90' lang='lat' dir='ltr'>unum</span> 
     </span>
     <span class='ocr_line' id='line_1_34' title="bbox 177 4163 1355 4239; baseline 0.007 -22"><span class='ocrx_word' id='word_1_295' title='bbox 177 4163 332 4234; x_wconf 84' lang='lat' dir='ltr'>exemplum</span> <span class='ocrx_word' id='word_1_296' title='bbox 352 4182 506 4236; x_wconf 90' lang='lat' dir='ltr'>proponam,</span> <span class='ocrx_word' id='word_1_297' title='bbox 526 4168 608 4222; x_wconf 92' lang='lat' dir='ltr'>Plinii</span> <span class='ocrx_word' id='word_1_298' title='bbox 626 4169 789 4223; x_wconf 88' lang='lat' dir='ltr'>sententiam</span> <span class='ocrx_word' id='word_1_299' title='bbox 802 4170 905 4223; x_wconf 89' lang='lat' dir='ltr'>eisdem</span> <span class='ocrx_word' id='word_1_300' title='bbox 918 4170 972 4224; x_wconf 88' lang='grc'>1616</span> <span class='ocrx_word' id='word_1_301' title='bbox 987 4168 1085 4239; x_wconf 89' lang='lat' dir='ltr'>uerbis,</span> <span class='ocrx_word' id='word_1_302' title='bbox 1104 4169 1203 4238; x_wconf 89' lang='lat' dir='ltr'>quibus</span> <span class='ocrx_word' id='word_1_303' title='bbox 1216 4170 1355 4225; x_wconf 84' lang='lat' dir='ltr'>Charisius</span> 
     </span>
     <span class='ocr_line' id='line_1_35' title="bbox 175 4257 517 4323; baseline 0.015 -16"><span class='ocrx_word' id='word_1_304' title='bbox 175 4271 201 4323; x_wconf 92' lang='lat' dir='ltr'>p.</span> <span class='ocrx_word' id='word_1_305' title='bbox 222 4257 282 4322; x_wconf 78' lang='grc'>226,</span> <span class='ocrx_word' id='word_1_306' title='bbox 303 4257 517 4312; x_wconf 78' lang='grc'>29-321161111</span> 
     </span>
    </p>

    <p class='ocr_par' dir='ltr' id='par_1_5' title="bbox 175 4341 1356 4593">
     <span class='ocr_line' id='line_1_36' title="bbox 265 4341 1356 4418; baseline 0.005 -20"><span class='ocrx_word' id='word_1_307' title='bbox 265 4341 397 4398; x_wconf 79' lang='lat' dir='ltr'>Similiter</span> <span class='ocrx_word' id='word_1_308' title='bbox 414 4344 563 4414; x_wconf 84' lang='lat' dir='ltr'>Dionysius</span> <span class='ocrx_word' id='word_1_309' title='bbox 582 4345 672 4401; x_wconf 80' lang='lat' dir='ltr'>Thrax</span> <span class='ocrx_word' id='word_1_310' title='bbox 690 4346 804 4402; x_wconf 88' lang='lat' dir='ltr'>aliorum</span> <span class='ocrx_word' id='word_1_311' title='bbox 826 4347 974 4402; x_wconf 90' lang='lat' dir='ltr'>sententias</span> <span class='ocrx_word' id='word_1_312' title='bbox 997 4347 1178 4418; x_wconf 84' lang='lat' dir='ltr'>perstringere</span> <span class='ocrx_word' id='word_1_313' title='bbox 1196 4348 1293 4403; x_wconf 84' lang='grc'>6611166</span> <span class='ocrx_word' id='word_1_314' title='bbox 1313 4350 1356 4403; x_wconf 88' lang='grc'>661</span> 
     </span>
     <span class='ocr_line' id='line_1_37' title="bbox 176 4431 1355 4512; baseline 0.004 -25"><span class='ocrx_word' id='word_1_315' title='bbox 176 4431 209 4487; x_wconf 80' lang='lat' dir='ltr'>oi.</span> <span class='ocrx_word' id='word_1_316' title='bbox 229 4448 255 4501; x_wconf 89' lang='lat' dir='ltr'>p.</span> <span class='ocrx_word' id='word_1_317' title='bbox 277 4437 318 4502; x_wconf 83' lang='lat'>16,</span> <span class='ocrx_word' id='word_1_318' title='bbox 337 4438 368 4501; x_wconf 85' lang='lat'>3;</span> <span class='ocrx_word' id='word_1_319' title='bbox 398 4438 457 4501; x_wconf 85' lang='lat'>100,</span> <span class='ocrx_word' id='word_1_320' title='bbox 477 4438 507 4487; x_wconf 76' lang='lat'>2:</span> <span class='ocrx_word' id='word_1_321' title='bbox 536 4433 608 4494; x_wconf 83' lang='grc' dir='ltr'><em>τινὲς</em></span> <span class='ocrx_word' id='word_1_322' title='bbox 629 4434 659 4489; x_wconf 80' lang='grc' dir='ltr'>δὲ</span> <span class='ocrx_word' id='word_1_323' title='bbox 681 4436 862 4512; x_wconf 71' lang='grc' dir='ltr'><strong><em>προστιθέασι</em></strong></span> <span class='ocrx_word' id='word_1_324' title='bbox 884 4440 937 4492; x_wconf 81' lang='grc' dir='ltr'>καί.</span> <span class='ocrx_word' id='word_1_325' title='bbox 970 4454 996 4506; x_wconf 91' lang='grc'>6.</span> <span class='ocrx_word' id='word_1_326' title='bbox 1023 4441 1065 4506; x_wconf 84' lang='grc'>67,</span> <span class='ocrx_word' id='word_1_327' title='bbox 1098 4442 1128 4492; x_wconf 90' lang='lat'>3:</span> <span class='ocrx_word' id='word_1_328' title='bbox 1161 4435 1233 4497; x_wconf 82' lang='grc' dir='ltr'><em>τινὲς</em></span> <span class='ocrx_word' id='word_1_329' title='bbox 1256 4436 1286 4492; x_wconf 72' lang='grc' dir='ltr'>δὲ</span> <span class='ocrx_word' id='word_1_330' title='bbox 1308 4439 1355 4492; x_wconf 81' lang='grc' dir='ltr'>καὶ</span> 
     </span>
     <span class='ocr_line' id='line_1_38' title="bbox 175 4519 342 4593; baseline 0 -18"><span class='ocrx_word' id='word_1_331' title='bbox 175 4519 342 4593; x_wconf 75' lang='grc' dir='ltr'>εἰσάγουσιν.</span> 
     </span>
    </p>
   </div>
   <div class='ocr_carea' id='block_1_4' title="bbox 0 0 1532 4958">
    <p class='ocr_par' dir='ltr' id='par_1_6' title="bbox 0 0 1532 4958">
     <span class='ocr_line' id='line_1_39' title="bbox 0 0 1532 4958; baseline 0 0"><span class='ocrx_word' id='word_1_332' title='bbox 0 0 1532 4958; x_wconf 95' lang='lat' dir='ltr'> </span> 
     </span>
    </p>
   </div>
  </div>
 </body>
</html>
