3052 4958
682 269 905 333 -60-

202 447 414 529 transcripsit,
443 465 539 529 quam
562 451 743 529 excerptor·;
773 450 804 509 et
826 447 967 509 inuicem
991 449 1157 528 excerptor
1178 444 1297 526 recepit
1320 442 1378 505 ob·

202 554 409 633 seruationes,
440 571 522 634 quae
550 552 668 616 abillo
697 554 830 616 omissae
853 557 936 616 sunt.
983 549 1139 614 Christius
1166 551 1185 613 l.
1208 551 1228 613 l.
1256 571 1285 634 p.
1312 552 1377 613 127

202 658 288 722 hunc
320 660 583 722 commentarium
615 679 634 722 a
664 659 783 724 Scauro
818 659 993 743 profectum
1026 677 1095 721 esse
1127 659 1263 723 coniecit
1293 657 1378 739 ideo,

204 766 290 850 qnod
320 764 458 829 Scaurus
491 765 619 848 quidam
649 767 702 829 hic
729 767 868 850 exempli
896 767 998 850 gratia
1025 764 1148 828 adlatus
1176 771 1265 828 esset.
1312 763 1379 829 Sed

202 873 280 935 haec
310 873 466 936 sententia
494 874 581 935 omni
608 878 695 936 caret
723 871 794 936 fide.
841 872 1001 937 Charisius
1029 874 1115 935 enim
1138 871 1250 936 Scauri
1277 875 1379 934 artem

201 980 238 1042 in
270 979 420 1042 manibus
452 981 582 1042 omnino
614 998 679 1041 non
711 979 829 1041 habuit.
881 979 1055 1043 Palaemon
1087 984 1207 1060 autem,
1225 988 1315 1041 *oum
1348 983 1380 1040 et

205 1085 353 1150 Caesares
381 1092 413 1149 et
436 1084 589 1149 Catilinas
620 1090 651 1149 et
676 1084 828 1150 Sisennas
856 1091 887 1151 et
909 1086 1085 1170 Perpernas
1113 1091 1145 1149 et
1167 1084 1318 1148 Horatios
1348 1089 1381 1148 et

203 1191 344 1256 Lucilios
367 1198 398 1257 et
421 1190 559 1255 Senecas
589 1199 621 1256 et
642 1193 793 1258 Thraseas
821 1199 853 1257 et
880 1194 958 1256 alios
988 1195 1113 1277 saepius
1143 1212 1200 1276 pro
1223 1190 1381 1274 exemplis

204 1301 358 1383 posuerit,
388 1299 465 1382 quid
487 1299 633 1382 impedit,
662 1320 703 1365 ne
732 1301 859 1383 qnando
888 1302 984 1389 etiam
1007 1299 1141 1364 Scauros
1165 1297 1381 1364 excitauerit?

204 1406 318 1490 Neque
340 1412 448 1471 tamen
471 1426 541 1471 eam
561 1407 690 1471 Christii
714 1394 969 1472 obseruationem
993 1407 1059 1471 ullo
1082 1410 1174 1491 pacto
1194 1406 1380 1490 spreuerim,

205 1534 268 1597 qua
290 1516 413 1578 censuit
435 1533 505 1578 esse
527 1516 750 1598 grammaticos
774 1534 847 1579 eum
871 1519 996 1578 secutos
1018 1533 1154 1595 morem,
1177 1518 1215 1576 ut
1236 1531 1294 1576 suo
1324 1531 1383 1574 no-

75 1634 78 1643 '
204 1622 292 1684 mine
330 1623 475 1704 exemplo
511 1626 684 1684 uterentur.
739 1620 801 1685 Sed
837 1622 897 1684 hoc
932 1621 1002 1685 loco
1036 1619 1147 1684 Scauri
1182 1617 1383 1703 grammatici

194 1740 323 1790 vnomen
347 1727 527 1791 exhibitum
550 1747 614 1791 non
638 1734 692 1791 est.
739 1727 821 1791 Nam
844 1734 946 1792 totum
970 1729 1230 1791 commentarium
1255 1725 1293 1788 ab
1315 1743 1382 1788 uno

205 1834 382 1916 eodemque
409 1839 536 1897 auctore
562 1836 697 1918 petitum
730 1852 799 1898 esse
830 1837 1094 1918 unusquisquee
1123 1831 1300 1898 disserendi
1328 1831 1385 1894 uia

204 1940 297 2003 facile
327 1941 472 2024 conliget.
519 1941 744 2005 Palaemonem
773 1947 878 2006 autem
906 1946 1069 2005 auctorem
1093 1960 1161 2005 esse
1185 1938 1383 2022 argumentis

205 2067 301 2130 supra
322 2048 452 2132 prolatis
471 2049 547 2111 satis
570 2047 722 2111 firmatur.
743 2087 784 2094 --
808 2049 903 2111 Prior
924 2050 1021 2111 huius
1045 2049 1156 2132 capitis
1178 2045 1335 2130 particula
1351 2064 1382 2126 p.

209 2157 281 2234 147,
303 2157 473 2234 17-148,
495 2156 534 2217 13
569 2152 755 2218 Cominiano
789 2156 827 2219 ab
860 2156 928 2240 ipso
962 2154 1103 2218 Charisia
1135 2153 1293 2235 adscripta
1325 2156 1384 2214 est.

205 2260 413 2325 Cominianus
440 2281 518 2326 uero
543 2262 718 2326 doctrinam
749 2283 841 2327 suam
868 2283 886 2325 a
914 2262 1105 2326 Palaemone
1131 2266 1296 2324 mutuatus
1325 2263 1384 2322 ost.

203 2368 351 2433 Primum
374 2370 461 2432 enim
489 2369 600 2432 eadem
632 2370 789 2453 exempla,
821 2390 901 2452 quae
925 2375 957 2435 et
979 2369 1150 2433 Palaemon
1174 2367 1384 2448 insequenti

204 2477 430 2540 commentario
463 2480 495 2539 et
527 2476 611 2558 apud
645 2483 877 2559 excerptorem:
914 2469 1084 2559 ‘nequam
1120 2495 1235 2558 nugas,
1269 2474 1384 2537 doctus

203 2584 314 2665 paries,
347 2583 448 2665 agilis,
481 2577 609 2645 uersus’
642 2584 785 2661 exhibet3
820 2583 907 2667 quod
938 2602 1012 2646 casu
1041 2583 1162 2647 factum
1190 2600 1259 2645 esse
1288 2565 1384 2644 nemo

205 2689 381 2752 contendet.
419 2685 543 2751 Deinde
566 2690 695 2772 regulae
719 2692 816 2754 simili
834 2691 928 2754 modo
952 2689 1274 2769 circumscribuntur;
1300 2688 1386 2770 quin

205 2797 299 2858 etiam
325 2795 421 2858 dictio
442 2794 694 2876 Palaemoniana,
719 2803 876 2880 quatenus
898 2800 935 2860 in
957 2803 1022 2860 tam
1042 2796 1133 2860 breui
1152 2796 1383 2858 commentario

203 2901 274 2967 ficri
303 2903 395 2966 licuit
421 2907 544 2966 retenta
572 2910 625 2968 est.
673 2904 736 2968 Sed
763 2906 940 2969 miserrime
965 2903 1170 2967 Cominianus
1193 2904 1229 2965 in
1252 2900 1383 2965 confici-

206 3010 286 3096 endo
310 3025 346 3074 ac
370 3012 621 3075 consarcinando
646 3013 871 3075 commentario
895 3031 953 3075 suo
977 3011 1177 3075 Palaemonis
1202 3010 1383 3073 doctrinam

206 3119 366 3181 contraxit
385 3138 422 3181 ac
437 3120 599 3182 mutilauit
613 3121 667 3199 ita,
680 3123 717 3181 ut
735 3119 859 3181 nullam
877 3119 1019 3202 regulam
1039 3117 1160 3180 saluam
1177 3117 1382 3198 relinqueret.

204 3221 252 3286 Ea
275 3229 394 3305 autem,
418 3245 436 3286 a
460 3224 578 3306 quibus
597 3231 691 3306 caput
713 3226 839 3308 incipit,
865 3224 1071 3290 Cominianus
1089 3223 1274 3288 Palaemoni
1291 3240 1383 3306 prae-

206 3333 302 3414 cepit,
330 3331 364 3393 id
389 3332 475 3413 quod
498 3350 540 3394 ex
564 3333 722 3414 excerptis
745 3331 854 3413 liquet,
902 3331 1064 3395 Charisius
1087 3332 1170 3394 enim
1195 3330 1257 3405 hic,
1286 3330 1384 3392 sicuti

204 3438 241 3500 in
270 3437 351 3500 libro
379 3437 426 3519 II,
460 3457 535 3500 cum
563 3458 581 3500 a
609 3436 796 3500 Cominiano
829 3439 1063 3502 transcribendi
1090 3439 1219 3501 initium
1244 3437 1383 3519 fecisset,

206 3564 259 3608 eas
282 3544 416 3627 regulas,
446 3565 524 3626 quas
549 3543 754 3608 Cominianus
785 3565 804 3607 a
827 3544 1017 3608 Palaemone
1045 3545 1165 3608 similos
1193 3549 1383 3628 sumpserat,

205 3655 374 3735 postquam
398 3651 438 3713 ad
460 3652 556 3714 huius
580 3652 757 3714 doctrinam
780 3653 927 3734 peruenit
950 3653 1065 3715 omisit.
1406 3724 1409 3728 A

296 3757 398 3842 Caput
420 3757 519 3840 XIX,
553 3758 638 3841 quod
670 3779 699 3841 p.
726 3760 798 3841 150,
813 3761 1013 3840 21-151,7
1045 3750 1098 3822 ‘de
1129 3759 1239 3822 formis
1269 3777 1383 3821 casua-

205 3857 302 3928 libus'
325 3865 433 3948 refert,
457 3865 656 3929 Palaemonis
681 3885 750 3928 esse
773 3885 847 3928 cum
870 3885 887 3930 e
911 3865 1088 3929 disserendi
1110 3885 1224 3949 genere
1247 3871 1316 3928 tum
1340 3883 1384 3929 ex

205 3991 244 4043 ,eo
268 3973 416 4036 concludi
438 3978 552 4057 potest,
579 3973 665 4057 quod
687 3973 826 4056 plurima
848 3974 963 4057 prioris
987 3973 1099 4056 capitis
1123 3971 1268 4055 exempla
1290 3989 1383 4054 repe-

206 4081 265 4143 tita
288 4085 369 4144 sunt.
1261 4094 1264 4098 ’

203 4207 230 4242 .·
296 4185 404 4261 Primo
428 4184 564 4249 Charisii
592 4187 675 4250 libro
706 4186 849 4263 absoluto
876 4185 1302 4269 paulisper'subsistendum
1324 4191 1383 4250 est.

203 4280 286 4357 ¹Jure
310 4294 409 4374 enim,
439 4293 494 4375 qui
517 4293 720 4375 Palaemonis
744 4284 885 4355 docendi
906 4293 1062 4356 rationem
1087 4311 1154 4355 non
1175 4294 1385 4377 perspexerit,
