<?xml version="1.0" encoding="UTF-8"?>
<!DOCTYPE html PUBLIC "-//W3C//DTD XHTML 1.0 Transitional//EN"
    "http://www.w3.org/TR/xhtml1/DTD/xhtml1-transitional.dtd">
<html xmlns="http://www.w3.org/1999/xhtml" xml:lang="en" lang="en">
 <head>
  <title>
</title>
<meta http-equiv="Content-Type" content="text/html;charset=utf-8" />
  <meta name='ocr-system' content='tesseract 3.04.00' />
  <meta name='ocr-capabilities' content='ocr_page ocr_carea ocr_par ocr_line ocrx_word'/>
</head>
<body>
  <div class='ocr_page' id='page_1' title='image "./deqremmiipalaem00marsgoog_0013.png"; bbox 0 0 3052 4958; ppageno 0'>
   <div class='ocr_carea' id='block_1_1' title="bbox 698 212 890 272">
    <p class='ocr_par' dir='ltr' id='par_1_1' title="bbox 698 212 890 272">
     <span class='ocr_line' id='line_1_1' title="bbox 698 212 890 272; baseline 0.005 -18"><span class='ocrx_word' id='word_1_1' title='bbox 698 212 890 272; x_wconf 72' lang='grc'>-8,.</span> 
     </span>
    </p>
   </div>
   <div class='ocr_carea' id='block_1_2' title="bbox 137 385 1390 3781">
    <p class='ocr_par' dir='ltr' id='par_1_2' title="bbox 207 385 1387 1838">
     <span class='ocr_line' id='line_1_2' title="bbox 300 385 1386 469; baseline -0.002 -19"><span class='ocrx_word' id='word_1_2' title='bbox 300 386 423 450; x_wconf 86' lang='lat' dir='ltr'>Verum</span> <span class='ocrx_word' id='word_1_3' title='bbox 448 388 533 450; x_wconf 91' lang='lat' dir='ltr'>euim</span> <span class='ocrx_word' id='word_1_4' title='bbox 560 406 639 451; x_wconf 91' lang='lat' dir='ltr'>uero</span> <span class='ocrx_word' id='word_1_5' title='bbox 664 389 717 450; x_wconf 88' lang='lat' dir='ltr'>uir</span> <span class='ocrx_word' id='word_1_6' title='bbox 745 387 859 450; x_wconf 89' lang='lat' dir='ltr'>doctus</span> <span class='ocrx_word' id='word_1_7' title='bbox 884 385 1142 466; x_wconf 87' lang='lat' dir='ltr'>Schottmueller,</span> <span class='ocrx_word' id='word_1_8' title='bbox 1167 388 1280 469; x_wconf 91' lang='lat' dir='ltr'>quiin</span> <span class='ocrx_word' id='word_1_9' title='bbox 1306 387 1386 450; x_wconf 84' lang='lat' dir='ltr'>Cha-</span> 
     </span>
     <span class='ocr_line' id='line_1_3' title="bbox 209 494 1386 585; baseline -0.001 -28"><span class='ocrx_word' id='word_1_10' title='bbox 209 495 345 559; x_wconf 87' lang='lat' dir='ltr'>risianas</span> <span class='ocrx_word' id='word_1_11' title='bbox 368 494 478 585; x_wconf 19' lang='lat' dir='ltr'>copias,</span> <span class='ocrx_word' id='word_1_12' title='bbox 496 513 600 578; x_wconf 81' lang='lat' dir='ltr'>nuper</span> <span class='ocrx_word' id='word_1_13' title='bbox 622 495 840 577; x_wconf 82' lang='lat' dir='ltr'>inquisiuit1),</span> <span class='ocrx_word' id='word_1_14' title='bbox 864 494 903 557; x_wconf 90' lang='lat' dir='ltr'>ad</span> <span class='ocrx_word' id='word_1_15' title='bbox 928 513 998 557; x_wconf 89' lang='lat' dir='ltr'>eam</span> <span class='ocrx_word' id='word_1_16' title='bbox 1022 494 1170 576; x_wconf 89' lang='lat' dir='ltr'>peruenit</span> <span class='ocrx_word' id='word_1_17' title='bbox 1193 495 1386 577; x_wconf 74' lang='lat' dir='ltr'>opinionem,</span> 
     </span>
     <span class='ocr_line' id='line_1_4' title="bbox 210 599 1384 683; baseline -0.003 -19"><span class='ocrx_word' id='word_1_18' title='bbox 210 607 247 665; x_wconf 92' lang='lat' dir='ltr'>ut</span> <span class='ocrx_word' id='word_1_19' title='bbox 271 619 351 683; x_wconf 90' lang='lat' dir='ltr'>quae</span> <span class='ocrx_word' id='word_1_20' title='bbox 374 601 461 683; x_wconf 88' lang='lat' dir='ltr'>apud</span> <span class='ocrx_word' id='word_1_21' title='bbox 485 599 664 665; x_wconf 72' lang='lat' dir='ltr'>charisium</span> <span class='ocrx_word' id='word_1_22' title='bbox 688 601 747 664; x_wconf 89' lang='lat' dir='ltr'>sub</span> <span class='ocrx_word' id='word_1_23' title='bbox 772 599 975 664; x_wconf 79' lang='lat' dir='ltr'>Palaemonis</span> <span class='ocrx_word' id='word_1_24' title='bbox 998 602 1130 663; x_wconf 92' lang='lat' dir='ltr'>nomine</span> <span class='ocrx_word' id='word_1_25' title='bbox 1157 605 1294 676; x_wconf 86' lang='lat' dir='ltr'>exstant,</span> <span class='ocrx_word' id='word_1_26' title='bbox 1318 619 1384 662; x_wconf 92' lang='lat' dir='ltr'>nou</span> 
     </span>
     <span class='ocr_line' id='line_1_5' title="bbox 209 706 1384 791; baseline -0.003 -21"><span class='ocrx_word' id='word_1_27' title='bbox 209 706 354 770; x_wconf 89' lang='lat' dir='ltr'>Remmio</span> <span class='ocrx_word' id='word_1_28' title='bbox 387 707 450 789; x_wconf 86' lang='lat' dir='ltr'>illi,</span> <span class='ocrx_word' id='word_1_29' title='bbox 479 708 535 771; x_wconf 90' lang='lat' dir='ltr'>sed</span> <span class='ocrx_word' id='word_1_30' title='bbox 558 708 741 771; x_wconf 81' lang='lat' dir='ltr'>Palaemoni</span> <span class='ocrx_word' id='word_1_31' title='bbox 766 707 909 788; x_wconf 86' lang='lat' dir='ltr'>cuidam,</span> <span class='ocrx_word' id='word_1_32' title='bbox 940 708 996 791; x_wconf 90' lang='lat' dir='ltr'>qui</span> <span class='ocrx_word' id='word_1_33' title='bbox 1025 711 1138 791; x_wconf 89' lang='lat' dir='ltr'>quarto</span> <span class='ocrx_word' id='word_1_34' title='bbox 1170 706 1236 770; x_wconf 90' lang='lat' dir='ltr'>fere</span> <span class='ocrx_word' id='word_1_35' title='bbox 1259 727 1287 789; x_wconf 89' lang='lat' dir='ltr'>p.</span> <span class='ocrx_word' id='word_1_36' title='bbox 1313 706 1384 769; x_wconf 84' lang='lat' dir='ltr'>Chr.</span> 
     </span>
     <span class='ocr_line' id='line_1_6' title="bbox 209 812 1387 897; baseline -0.003 -20"><span class='ocrx_word' id='word_1_37' title='bbox 209 814 337 877; x_wconf 87' lang='lat' dir='ltr'>saeculo</span> <span class='ocrx_word' id='word_1_38' title='bbox 375 815 410 876; x_wconf 91' lang='lat' dir='ltr'>in</span> <span class='ocrx_word' id='word_1_39' title='bbox 438 812 541 877; x_wconf 83' lang='lat' dir='ltr'>Gallia</span> <span class='ocrx_word' id='word_1_40' title='bbox 572 814 770 897; x_wconf 85' lang='lat' dir='ltr'>transalpina</span> <span class='ocrx_word' id='word_1_41' title='bbox 802 814 977 895; x_wconf 88' lang='lat' dir='ltr'>floruisset,</span> <span class='ocrx_word' id='word_1_42' title='bbox 1010 813 1120 877; x_wconf 91' lang='lat' dir='ltr'>deberi</span> <span class='ocrx_word' id='word_1_43' title='bbox 1153 817 1295 878; x_wconf 84' lang='lat' dir='ltr'>censeret</span> <span class='ocrx_word' id='word_1_44' title='bbox 1328 814 1387 875; x_wconf 86' lang='lat' dir='ltr'>hac</span> 
     </span>
     <span class='ocr_line' id='line_1_7' title="bbox 207 919 1386 1004; baseline -0.002 -21"><span class='ocrx_word' id='word_1_45' title='bbox 207 920 395 984; x_wconf 86' lang='grc'><strong>1010001110</strong></span> <span class='ocrx_word' id='word_1_46' title='bbox 426 920 597 997; x_wconf 89' lang='lat' dir='ltr'>adductus,</span> <span class='ocrx_word' id='word_1_47' title='bbox 627 920 713 1004; x_wconf 92' lang='lat' dir='ltr'>quod</span> <span class='ocrx_word' id='word_1_48' title='bbox 741 921 897 1004; x_wconf 88' lang='lat' dir='ltr'>reliquiae</span> <span class='ocrx_word' id='word_1_49' title='bbox 925 921 999 984; x_wconf 88' lang='lat' dir='ltr'>illae</span> <span class='ocrx_word' id='word_1_50' title='bbox 1032 919 1298 985; x_wconf 88' lang='lat' dir='ltr'>Palaemoniauae</span> <span class='ocrx_word' id='word_1_51' title='bbox 1331 919 1386 982; x_wconf 89' lang='lat' dir='ltr'>do-</span> 
     </span>
     <span class='ocr_line' id='line_1_8' title="bbox 207 1026 1385 1110; baseline -0.002 -20"><span class='ocrx_word' id='word_1_52' title='bbox 207 1028 493 1091; x_wconf 86' lang='grc'><strong>01110001111110101</strong></span> <span class='ocrx_word' id='word_1_53' title='bbox 516 1026 706 1090; x_wconf 91' lang='lat' dir='ltr'>uiderentur</span> <span class='ocrx_word' id='word_1_54' title='bbox 728 1046 806 1108; x_wconf 89' lang='lat' dir='ltr'>esse,</span> <span class='ocrx_word' id='word_1_55' title='bbox 830 1046 927 1110; x_wconf 90' lang='lat' dir='ltr'>quam</span> <span class='ocrx_word' id='word_1_56' title='bbox 951 1045 1033 1110; x_wconf 88' lang='lat' dir='ltr'>quae</span> <span class='ocrx_word' id='word_1_57' title='bbox 1052 1029 1087 1089; x_wconf 89' lang='lat' dir='ltr'>in</span> <span class='ocrx_word' id='word_1_58' title='bbox 1110 1027 1269 1090; x_wconf 77' lang='lat' dir='ltr'>illustrem</span> <span class='ocrx_word' id='word_1_59' title='bbox 1291 1027 1385 1089; x_wconf 91' lang='lat' dir='ltr'>illum</span> 
     </span>
     <span class='ocr_line' id='line_1_9' title="bbox 211 1133 1386 1218; baseline -0.002 -20"><span class='ocrx_word' id='word_1_60' title='bbox 211 1136 455 1218; x_wconf 90' lang='lat' dir='ltr'>grammaticum</span> <span class='ocrx_word' id='word_1_61' title='bbox 478 1135 695 1198; x_wconf 88' lang='lat' dir='ltr'>conuenirent</span> <span class='ocrx_word' id='word_1_62' title='bbox 741 1133 810 1197; x_wconf 89' lang='lat' dir='ltr'>Nec</span> <span class='ocrx_word' id='word_1_63' title='bbox 833 1133 1017 1211; x_wconf 83' lang='lat' dir='ltr'>defirerunt,</span> <span class='ocrx_word' id='word_1_64' title='bbox 1048 1137 1101 1216; x_wconf 91' lang='lat' dir='ltr'>qui</span> <span class='ocrx_word' id='word_1_65' title='bbox 1130 1134 1308 1197; x_wconf 91' lang='lat' dir='ltr'>adnuerent</span> <span class='ocrx_word' id='word_1_66' title='bbox 1331 1138 1386 1196; x_wconf 90' lang='lat' dir='ltr'>aut</span> 
     </span>
     <span class='ocr_line' id='line_1_10' title="bbox 214 1240 1386 1325; baseline -0.002 -20"><span class='ocrx_word' id='word_1_67' title='bbox 214 1243 270 1324; x_wconf 92' lang='lat' dir='ltr'>qui</span> <span class='ocrx_word' id='word_1_68' title='bbox 304 1261 378 1306; x_wconf 92' lang='lat' dir='ltr'>eum</span> <span class='ocrx_word' id='word_1_69' title='bbox 401 1241 540 1304; x_wconf 88' lang='lat' dir='ltr'>refutare</span> <span class='ocrx_word' id='word_1_70' title='bbox 573 1245 765 1304; x_wconf 85' lang='lat' dir='ltr'>conarentur</span> <span class='ocrx_word' id='word_1_71' title='bbox 793 1240 983 1304; x_wconf 88' lang='lat' dir='ltr'>aduersante</span> <span class='ocrx_word' id='word_1_72' title='bbox 1015 1242 1051 1302; x_wconf 88' lang='lat' dir='ltr'>in</span> <span class='ocrx_word' id='word_1_73' title='bbox 1083 1241 1194 1325; x_wconf 89' lang='lat' dir='ltr'>primis</span> <span class='ocrx_word' id='word_1_74' title='bbox 1226 1242 1297 1304; x_wconf 89' lang='lat' dir='ltr'>uiro</span> <span class='ocrx_word' id='word_1_75' title='bbox 1331 1241 1386 1303; x_wconf 94' lang='lat' dir='ltr'>do-</span> 
     </span>
     <span class='ocr_line' id='line_1_11' title="bbox 210 1345 1386 1430; baseline -0.003 -18"><span class='ocrx_word' id='word_1_76' title='bbox 210 1350 353 1412; x_wconf 89' lang='lat' dir='ltr'>ctissimo</span> <span class='ocrx_word' id='word_1_77' title='bbox 385 1347 426 1414; x_wconf 93' lang='lat' dir='ltr'>H.</span> <span class='ocrx_word' id='word_1_78' title='bbox 449 1347 587 1430; x_wconf 61' lang='grc'><strong>11011101)</strong></span> <span class='ocrx_word' id='word_1_79' title='bbox 614 1348 713 1410; x_wconf 89' lang='lat' dir='ltr'>nullis</span> <span class='ocrx_word' id='word_1_80' title='bbox 747 1347 878 1429; x_wconf 91' lang='lat' dir='ltr'>quidem</span> <span class='ocrx_word' id='word_1_81' title='bbox 910 1348 1106 1430; x_wconf 80' lang='lat' dir='ltr'>argumentis</span> <span class='ocrx_word' id='word_1_82' title='bbox 1138 1348 1254 1411; x_wconf 84' lang='lat' dir='ltr'>innixi.</span> <span class='ocrx_word' id='word_1_83' title='bbox 1315 1345 1386 1421; x_wconf 76' lang='lat' dir='ltr'>Qua</span> 
     </span>
     <span class='ocr_line' id='line_1_12' title="bbox 210 1453 1386 1535; baseline -0.003 -17"><span class='ocrx_word' id='word_1_84' title='bbox 210 1456 282 1518; x_wconf 85' lang='lat' dir='ltr'>rixa</span> <span class='ocrx_word' id='word_1_85' title='bbox 297 1461 408 1519; x_wconf 83' lang='lat' dir='ltr'>exorta</span> <span class='ocrx_word' id='word_1_86' title='bbox 423 1475 497 1518; x_wconf 91' lang='lat' dir='ltr'>cum</span> <span class='ocrx_word' id='word_1_87' title='bbox 515 1453 693 1517; x_wconf 88' lang='lat' dir='ltr'>uerendum</span> <span class='ocrx_word' id='word_1_88' title='bbox 713 1454 870 1535; x_wconf 89' lang='lat' dir='ltr'>uideatur,</span> <span class='ocrx_word' id='word_1_89' title='bbox 893 1474 934 1518; x_wconf 90' lang='lat' dir='ltr'>ue</span> <span class='ocrx_word' id='word_1_90' title='bbox 952 1455 1016 1517; x_wconf 89' lang='lat' dir='ltr'>nisi</span> <span class='ocrx_word' id='word_1_91' title='bbox 1040 1473 1110 1517; x_wconf 91' lang='lat' dir='ltr'>eam</span> <span class='ocrx_word' id='word_1_92' title='bbox 1129 1453 1386 1517; x_wconf 85' lang='lat' dir='ltr'>Schottmuelleri</span> 
     </span>
     <span class='ocr_line' id='line_1_13' title="bbox 209 1560 1386 1645; baseline -0.002 -20"><span class='ocrx_word' id='word_1_93' title='bbox 209 1564 399 1625; x_wconf 88' lang='lat' dir='ltr'>sententiam</span> <span class='ocrx_word' id='word_1_94' title='bbox 421 1561 623 1644; x_wconf 79' lang='lat' dir='ltr'>redarguam,</span> <span class='ocrx_word' id='word_1_95' title='bbox 647 1560 761 1623; x_wconf 88' lang='lat' dir='ltr'>inutile</span> <span class='ocrx_word' id='word_1_96' title='bbox 789 1561 868 1623; x_wconf 90' lang='lat' dir='ltr'>mihi</span> <span class='ocrx_word' id='word_1_97' title='bbox 890 1562 1057 1645; x_wconf 90' lang='lat' dir='ltr'>negotium</span> <span class='ocrx_word' id='word_1_98' title='bbox 1081 1562 1258 1644; x_wconf 79' lang='lat' dir='ltr'>iniungam,</span> <span class='ocrx_word' id='word_1_99' title='bbox 1281 1562 1386 1644; x_wconf 90' lang='lat' dir='ltr'>prius-</span> 
     </span>
     <span class='ocr_line' id='line_1_14' title="bbox 211 1669 1386 1752; baseline -0.003 -20"><span class='ocrx_word' id='word_1_100' title='bbox 211 1689 308 1752; x_wconf 90' lang='lat' dir='ltr'>quam</span> <span class='ocrx_word' id='word_1_101' title='bbox 337 1669 376 1733; x_wconf 91' lang='lat' dir='ltr'>ad</span> <span class='ocrx_word' id='word_1_102' title='bbox 404 1670 507 1752; x_wconf 90' lang='lat' dir='ltr'>ipsam</span> <span class='ocrx_word' id='word_1_103' title='bbox 532 1669 751 1750; x_wconf 89' lang='lat' dir='ltr'>quaestionem</span> <span class='ocrx_word' id='word_1_104' title='bbox 781 1669 944 1751; x_wconf 85' lang='lat' dir='ltr'>accingar,</span> <span class='ocrx_word' id='word_1_105' title='bbox 975 1670 1004 1731; x_wconf 91' lang='lat' dir='ltr'>ei</span> <span class='ocrx_word' id='word_1_106' title='bbox 1032 1670 1080 1731; x_wconf 92' lang='lat' dir='ltr'>rei</span> <span class='ocrx_word' id='word_1_107' title='bbox 1108 1688 1236 1752; x_wconf 88' lang='lat' dir='ltr'>operam</span> <span class='ocrx_word' id='word_1_108' title='bbox 1265 1687 1386 1730; x_wconf 89' lang='lat' dir='ltr'>nauare</span> 
     </span>
     <span class='ocr_line' id='line_1_15' title="bbox 207 1774 495 1838; baseline 0.003 -1"><span class='ocrx_word' id='word_1_109' title='bbox 207 1774 341 1838; x_wconf 88' lang='lat' dir='ltr'>iuuabit.</span> <span class='ocrx_word' id='word_1_110' title='bbox 437 1833 439 1837; x_wconf 85' lang='lat'><em>.</em></span> <span class='ocrx_word' id='word_1_111' title='bbox 493 1815 495 1818; x_wconf 56' lang='lat'>&gt;</span> 
     </span>
    </p>

    <p class='ocr_par' dir='ltr' id='par_1_3' title="bbox 210 1880 1390 2927">
     <span class='ocr_line' id='line_1_16' title="bbox 300 1880 1388 1964; baseline -0.002 -20"><span class='ocrx_word' id='word_1_112' title='bbox 300 1880 374 1944; x_wconf 84' lang='lat' dir='ltr'>Jam</span> <span class='ocrx_word' id='word_1_113' title='bbox 407 1885 609 1963; x_wconf 87' lang='lat' dir='ltr'>argumenta,</span> <span class='ocrx_word' id='word_1_114' title='bbox 643 1881 763 1964; x_wconf 89' lang='lat' dir='ltr'>quibus</span> <span class='ocrx_word' id='word_1_115' title='bbox 794 1880 933 1944; x_wconf 88' lang='lat' dir='ltr'>Remmii</span> <span class='ocrx_word' id='word_1_116' title='bbox 965 1880 1168 1945; x_wconf 86' lang='lat' dir='ltr'>Palaemonis</span> <span class='ocrx_word' id='word_1_117' title='bbox 1201 1883 1388 1945; x_wconf 89' lang='lat' dir='ltr'>restituatur</span> 
     </span>
     <span class='ocr_line' id='line_1_17' title="bbox 210 1987 1387 2071; baseline -0.003 -19"><span class='ocrx_word' id='word_1_118' title='bbox 210 1989 392 2064; x_wconf 83' lang='lat' dir='ltr'>auctoritas,</span> <span class='ocrx_word' id='word_1_119' title='bbox 415 1992 590 2050; x_wconf 90' lang='lat' dir='ltr'>sumuntur</span> <span class='ocrx_word' id='word_1_120' title='bbox 608 1988 662 2051; x_wconf 91' lang='lat' dir='ltr'>uel</span> <span class='ocrx_word' id='word_1_121' title='bbox 681 1989 832 2071; x_wconf 88' lang='lat' dir='ltr'>primaria</span> <span class='ocrx_word' id='word_1_122' title='bbox 851 2009 870 2051; x_wconf 88' lang='lat' dir='ltr'>a</span> <span class='ocrx_word' id='word_1_123' title='bbox 888 1987 929 2051; x_wconf 90' lang='lat' dir='ltr'>M.</span> <span class='ocrx_word' id='word_1_124' title='bbox 948 1987 1047 2052; x_wconf 82' lang='lat' dir='ltr'>Fabio</span> <span class='ocrx_word' id='word_1_125' title='bbox 1068 1987 1276 2069; x_wconf 77' lang='lat' dir='ltr'>Quintiliano,</span> <span class='ocrx_word' id='word_1_126' title='bbox 1299 1988 1387 2050; x_wconf 90' lang='lat' dir='ltr'>illius</span> 
     </span>
     <span class='ocr_line' id='line_1_18' title="bbox 211 2091 1387 2179; baseline -0.002 -20"><span class='ocrx_word' id='word_1_127' title='bbox 211 2094 370 2179; x_wconf 90' lang='lat' dir='ltr'>discipulo</span> <span class='ocrx_word' id='word_1_128' title='bbox 380 2091 413 2178; x_wconf 84' lang='lat'>³),</span> <span class='ocrx_word' id='word_1_129' title='bbox 438 2094 494 2176; x_wconf 88' lang='lat' dir='ltr'>qui</span> <span class='ocrx_word' id='word_1_130' title='bbox 517 2094 553 2156; x_wconf 90' lang='lat' dir='ltr'>iu</span> <span class='ocrx_word' id='word_1_131' title='bbox 576 2095 815 2159; x_wconf 88' lang='lat' dir='ltr'>institutionum</span> <span class='ocrx_word' id='word_1_132' title='bbox 840 2095 923 2158; x_wconf 90' lang='lat' dir='ltr'>libro</span> <span class='ocrx_word' id='word_1_133' title='bbox 946 2095 963 2156; x_wconf 92' lang='lat' dir='ltr'>l</span> <span class='ocrx_word' id='word_1_134' title='bbox 985 2097 1225 2178; x_wconf 86' lang='lat' dir='ltr'>grammaticam</span> <span class='ocrx_word' id='word_1_135' title='bbox 1258 2114 1387 2177; x_wconf 92' lang='lat' dir='ltr'>quoque</span> 
     </span>
     <span class='ocr_line' id='line_1_19' title="bbox 211 2182 1387 2286; baseline -0.003 -20"><span class='ocrx_word' id='word_1_136' title='bbox 211 2204 322 2286; x_wconf 88' lang='lat' dir='ltr'>tetigit.</span> <span class='ocrx_word' id='word_1_137' title='bbox 353 2182 448 2266; x_wconf 66' lang='lat' dir='ltr'>xNam</span> <span class='ocrx_word' id='word_1_138' title='bbox 466 2221 541 2264; x_wconf 92' lang='lat' dir='ltr'>cum</span> <span class='ocrx_word' id='word_1_139' title='bbox 564 2202 619 2265; x_wconf 87' lang='lat' dir='ltr'>uel</span> <span class='ocrx_word' id='word_1_140' title='bbox 643 2221 700 2285; x_wconf 91' lang='lat' dir='ltr'>per</span> <span class='ocrx_word' id='word_1_141' title='bbox 723 2221 757 2266; x_wconf 90' lang='grc'>10</span> <span class='ocrx_word' id='word_1_142' title='bbox 780 2203 882 2266; x_wconf 84' lang='grc'><strong>1001111</strong></span> <span class='ocrx_word' id='word_1_143' title='bbox 906 2204 1047 2284; x_wconf 90' lang='lat' dir='ltr'>suspicio</span> <span class='ocrx_word' id='word_1_144' title='bbox 1072 2205 1113 2266; x_wconf 90' lang='lat' dir='ltr'>sit</span> <span class='ocrx_word' id='word_1_145' title='bbox 1137 2202 1332 2286; x_wconf 89' lang='lat' dir='ltr'>discipulum</span> <span class='ocrx_word' id='word_1_146' title='bbox 1351 2202 1387 2263; x_wconf 91' lang='lat' dir='ltr'>iu</span> 
     </span>
     <span class='ocr_line' id='line_1_20' title="bbox 212 2308 1388 2392; baseline -0.003 -20"><span class='ocrx_word' id='word_1_147' title='bbox 212 2309 356 2373; x_wconf 90' lang='lat' dir='ltr'>docendo</span> <span class='ocrx_word' id='word_1_148' title='bbox 384 2314 532 2372; x_wconf 89' lang='lat' dir='ltr'>secutum</span> <span class='ocrx_word' id='word_1_149' title='bbox 567 2326 636 2371; x_wconf 89' lang='lat' dir='ltr'>esse</span> <span class='ocrx_word' id='word_1_150' title='bbox 666 2314 914 2392; x_wconf 88' lang='lat' dir='ltr'>praeceptorem,</span> <span class='ocrx_word' id='word_1_151' title='bbox 942 2329 1087 2390; x_wconf 87' lang='lat' dir='ltr'>reuera,</span> <span class='ocrx_word' id='word_1_152' title='bbox 1112 2328 1194 2391; x_wconf 91' lang='lat' dir='ltr'>quae</span> <span class='ocrx_word' id='word_1_153' title='bbox 1222 2308 1388 2383; x_wconf 73' lang='grc'><strong>0111111111-</strong></span> 
     </span>
     <span class='ocr_line' id='line_1_21' title="bbox 212 2414 1388 2499; baseline -0.003 -20"><span class='ocrx_word' id='word_1_154' title='bbox 212 2416 297 2480; x_wconf 88' lang='grc'><strong>110110</strong></span> <span class='ocrx_word' id='word_1_155' title='bbox 320 2415 527 2499; x_wconf 77' lang='lat' dir='ltr'>proferuntur</span> <span class='ocrx_word' id='word_1_156' title='bbox 545 2416 761 2497; x_wconf 88' lang='lat' dir='ltr'>grammatica,</span> <span class='ocrx_word' id='word_1_157' title='bbox 786 2414 872 2498; x_wconf 88' lang='lat' dir='ltr'>apud</span> <span class='ocrx_word' id='word_1_158' title='bbox 890 2418 1074 2498; x_wconf 87' lang='lat' dir='ltr'>posterioris</span> <span class='ocrx_word' id='word_1_159' title='bbox 1098 2417 1209 2479; x_wconf 87' lang='lat' dir='ltr'>aetatis</span> <span class='ocrx_word' id='word_1_160' title='bbox 1228 2435 1388 2499; x_wconf 88' lang='lat' dir='ltr'>gramma-</span> 
     </span>
     <span class='ocr_line' id='line_1_22' title="bbox 211 2519 1388 2605; baseline -0.003 -19"><span class='ocrx_word' id='word_1_161' title='bbox 211 2525 291 2586; x_wconf 87' lang='lat' dir='ltr'>ticos</span> <span class='ocrx_word' id='word_1_162' title='bbox 305 2523 518 2605; x_wconf 88' lang='lat' dir='ltr'>reperiuntur.</span> <span class='ocrx_word' id='word_1_163' title='bbox 538 2519 603 2584; x_wconf 81' lang='lat' dir='ltr'>Eos</span> <span class='ocrx_word' id='word_1_164' title='bbox 619 2525 726 2582; x_wconf 87' lang='lat' dir='ltr'>autem</span> <span class='ocrx_word' id='word_1_165' title='bbox 741 2523 967 2603; x_wconf 88' lang='lat' dir='ltr'>grammaticos</span> <span class='ocrx_word' id='word_1_166' title='bbox 982 2543 1048 2586; x_wconf 90' lang='lat' dir='ltr'>non</span> <span class='ocrx_word' id='word_1_167' title='bbox 1060 2521 1251 2598; x_wconf 79' lang='lat' dir='ltr'>Quintiliani</span> <span class='ocrx_word' id='word_1_168' title='bbox 1268 2522 1388 2585; x_wconf 90' lang='lat' dir='ltr'>librum</span> 
     </span>
     <span class='ocr_line' id='line_1_23' title="bbox 212 2627 1388 2712; baseline -0.002 -20"><span class='ocrx_word' id='word_1_169' title='bbox 212 2630 418 2712; x_wconf 82' lang='lat' dir='ltr'>exscripsisse</span> <span class='ocrx_word' id='word_1_170' title='bbox 447 2628 500 2691; x_wconf 91' lang='lat' dir='ltr'>uel</span> <span class='ocrx_word' id='word_1_171' title='bbox 527 2628 603 2691; x_wconf 92' lang='lat' dir='ltr'>iude</span> <span class='ocrx_word' id='word_1_172' title='bbox 634 2627 843 2705; x_wconf 83' lang='lat' dir='ltr'>concluseris,</span> <span class='ocrx_word' id='word_1_173' title='bbox 873 2629 959 2712; x_wconf 90' lang='lat' dir='ltr'>quod</span> <span class='ocrx_word' id='word_1_174' title='bbox 988 2631 1165 2692; x_wconf 87' lang='lat' dir='ltr'>doctrinam</span> <span class='ocrx_word' id='word_1_175' title='bbox 1198 2629 1388 2712; x_wconf 89' lang='lat' dir='ltr'>plerumque</span> 
     </span>
     <span class='ocr_line' id='line_1_24' title="bbox 213 2733 1390 2820; baseline -0.003 -21"><span class='ocrx_word' id='word_1_176' title='bbox 213 2737 399 2820; x_wconf 87' lang='lat' dir='ltr'>pleniorem,</span> <span class='ocrx_word' id='word_1_177' title='bbox 424 2755 520 2818; x_wconf 88' lang='lat' dir='ltr'>qnam</span> <span class='ocrx_word' id='word_1_178' title='bbox 545 2753 627 2817; x_wconf 90' lang='lat' dir='ltr'>quae</span> <span class='ocrx_word' id='word_1_179' title='bbox 651 2734 737 2816; x_wconf 88' lang='lat' dir='ltr'>apud</span> <span class='ocrx_word' id='word_1_180' title='bbox 760 2734 853 2797; x_wconf 89' lang='lat' dir='ltr'>illum</span> <span class='ocrx_word' id='word_1_181' title='bbox 871 2737 1059 2800; x_wconf 89' lang='lat' dir='ltr'>inueniatur</span> <span class='ocrx_word' id='word_1_182' title='bbox 1078 2736 1240 2799; x_wconf 88' lang='lat' dir='ltr'>exhibent.</span> <span class='ocrx_word' id='word_1_183' title='bbox 1284 2733 1390 2810; x_wconf 73' lang='lat' dir='ltr'>Quare</span> 
     </span>
     <span class='ocr_line' id='line_1_25' title="bbox 213 2841 1388 2927; baseline -0.001 -23"><span class='ocrx_word' id='word_1_184' title='bbox 213 2843 274 2906; x_wconf 90' lang='lat' dir='ltr'>nisi</span> <span class='ocrx_word' id='word_1_185' title='bbox 297 2842 359 2904; x_wconf 91' lang='lat' dir='ltr'>hoc</span> <span class='ocrx_word' id='word_1_186' title='bbox 377 2846 506 2923; x_wconf 88' lang='lat' dir='ltr'>statuas,</span> <span class='ocrx_word' id='word_1_187' title='bbox 529 2841 577 2904; x_wconf 88' lang='lat' dir='ltr'>nil</span> <span class='ocrx_word' id='word_1_188' title='bbox 595 2841 798 2924; x_wconf 85' lang='lat' dir='ltr'>relinquitur,</span> <span class='ocrx_word' id='word_1_189' title='bbox 817 2845 981 2927; x_wconf 88' lang='lat' dir='ltr'>utrimque</span> <span class='ocrx_word' id='word_1_190' title='bbox 1001 2844 1139 2907; x_wconf 90' lang='lat' dir='ltr'>eundem</span> <span class='ocrx_word' id='word_1_191' title='bbox 1163 2843 1284 2906; x_wconf 89' lang='lat' dir='ltr'>fontem</span> <span class='ocrx_word' id='word_1_192' title='bbox 1309 2842 1388 2925; x_wconf 90' lang='lat' dir='ltr'>peti-</span> 
     </span>
    </p>

    <p class='ocr_par' dir='ltr' id='par_1_4' title="bbox 137 2948 1390 3781">
     <span class='ocr_line' id='line_1_26' title="bbox 212 2948 1389 3034; baseline -0.003 -22"><span class='ocrx_word' id='word_1_193' title='bbox 212 2958 283 3012; x_wconf 89' lang='lat' dir='ltr'>tum</span> <span class='ocrx_word' id='word_1_194' title='bbox 314 2968 391 3013; x_wconf 89' lang='lat' dir='ltr'>esse.</span> <span class='ocrx_word' id='word_1_195' title='bbox 442 2950 552 3032; x_wconf 83' lang='lat' dir='ltr'>Atque</span> <span class='ocrx_word' id='word_1_196' title='bbox 581 2968 664 3032; x_wconf 90' lang='lat' dir='ltr'>quae</span> <span class='ocrx_word' id='word_1_197' title='bbox 691 2970 710 3013; x_wconf 90' lang='lat' dir='ltr'>a</span> <span class='ocrx_word' id='word_1_198' title='bbox 735 2948 880 3014; x_wconf 77' lang='lat' dir='ltr'>charisio</span> <span class='ocrx_word' id='word_1_199' title='bbox 913 2951 1049 3034; x_wconf 89' lang='lat' dir='ltr'>aliisque</span> <span class='ocrx_word' id='word_1_200' title='bbox 1080 2955 1257 3014; x_wconf 88' lang='lat' dir='ltr'>tractantur</span> <span class='ocrx_word' id='word_1_201' title='bbox 1283 2968 1389 3031; x_wconf 77' lang='lat' dir='ltr'>gram</span> 
     </span>
     <span class='ocr_line' id='line_1_27' title="bbox 137 3044 1389 3140; baseline -0.002 -21"><span class='ocrx_word' id='word_1_202' title='bbox 137 3044 140 3048; x_wconf 61' lang='grc'><strong>’</strong></span> <span class='ocrx_word' id='word_1_203' title='bbox 214 3057 330 3120; x_wconf 84' lang='lat' dir='ltr'>metica</span> <span class='ocrx_word' id='word_1_204' title='bbox 353 3075 427 3119; x_wconf 91' lang='lat' dir='ltr'>cum</span> <span class='ocrx_word' id='word_1_205' title='bbox 447 3055 648 3131; x_wconf 78' lang='lat' dir='ltr'>Quintiliano</span> <span class='ocrx_word' id='word_1_206' title='bbox 668 3059 891 3140; x_wconf 86' lang='lat' dir='ltr'>congruentia,</span> <span class='ocrx_word' id='word_1_207' title='bbox 911 3059 938 3120; x_wconf 92' lang='lat' dir='ltr'>si</span> <span class='ocrx_word' id='word_1_208' title='bbox 958 3078 976 3120; x_wconf 91' lang='grc'>0</span> <span class='ocrx_word' id='word_1_209' title='bbox 994 3057 1185 3121; x_wconf 88' lang='lat' dir='ltr'>Palaemone</span> <span class='ocrx_word' id='word_1_210' title='bbox 1204 3057 1389 3140; x_wconf 89' lang='lat' dir='ltr'>deprompta</span> 
     </span>
     <span class='ocr_line' id='line_1_28' title="bbox 214 3163 1390 3247; baseline -0.003 -20"><span class='ocrx_word' id='word_1_211' title='bbox 214 3182 284 3227; x_wconf 88' lang='lat' dir='ltr'>esse</span> <span class='ocrx_word' id='word_1_212' title='bbox 307 3163 526 3227; x_wconf 89' lang='lat' dir='ltr'>demonstrare</span> <span class='ocrx_word' id='word_1_213' title='bbox 544 3166 613 3247; x_wconf 88' lang='lat' dir='ltr'>ipsa</span> <span class='ocrx_word' id='word_1_214' title='bbox 636 3163 852 3246; x_wconf 89' lang='lat' dir='ltr'>disputatione</span> <span class='ocrx_word' id='word_1_215' title='bbox 871 3164 950 3226; x_wconf 90' lang='lat' dir='ltr'>mihi</span> <span class='ocrx_word' id='word_1_216' title='bbox 970 3166 1146 3247; x_wconf 90' lang='lat' dir='ltr'>contigerit,</span> <span class='ocrx_word' id='word_1_217' title='bbox 1169 3165 1244 3240; x_wconf 91' lang='lat' dir='ltr'>iam,</span> <span class='ocrx_word' id='word_1_218' title='bbox 1268 3165 1390 3246; x_wconf 82' lang='lat' dir='ltr'>opinor,</span> 
     </span>
     <span class='ocr_line' id='line_1_29' title="bbox 216 3268 1390 3352; baseline -0.003 -20"><span class='ocrx_word' id='word_1_219' title='bbox 216 3270 368 3333; x_wconf 86' lang='lat' dir='ltr'>concedes</span> <span class='ocrx_word' id='word_1_220' title='bbox 393 3269 433 3333; x_wconf 87' lang='lat' dir='ltr'>de</span> <span class='ocrx_word' id='word_1_221' title='bbox 456 3271 555 3333; x_wconf 89' lang='lat' dir='ltr'>altero</span> <span class='ocrx_word' id='word_1_222' title='bbox 579 3270 634 3332; x_wconf 93' lang='lat' dir='ltr'>illo</span> <span class='ocrx_word' id='word_1_223' title='bbox 659 3271 766 3352; x_wconf 88' lang='lat' dir='ltr'>quarti</span> <span class='ocrx_word' id='word_1_224' title='bbox 789 3289 818 3352; x_wconf 90' lang='lat' dir='ltr'>p.</span> <span class='ocrx_word' id='word_1_225' title='bbox 848 3271 918 3334; x_wconf 84' lang='lat' dir='ltr'>Chr.</span> <span class='ocrx_word' id='word_1_226' title='bbox 943 3273 1063 3334; x_wconf 87' lang='lat' dir='ltr'>saeculi</span> <span class='ocrx_word' id='word_1_227' title='bbox 1086 3271 1287 3349; x_wconf 90' lang='lat' dir='ltr'>Palaemone,</span> <span class='ocrx_word' id='word_1_228' title='bbox 1311 3268 1390 3331; x_wconf 80' lang='lat' dir='ltr'>Olia-</span> 
     </span>
     <span class='ocr_line' id='line_1_30' title="bbox 215 3375 1388 3459; baseline -0.003 -20"><span class='ocrx_word' id='word_1_229' title='bbox 215 3377 283 3439; x_wconf 87' lang='lat' dir='ltr'>risii</span> <span class='ocrx_word' id='word_1_230' title='bbox 306 3381 444 3455; x_wconf 89' lang='lat' dir='ltr'>auctore,</span> <span class='ocrx_word' id='word_1_231' title='bbox 469 3375 704 3459; x_wconf 89' lang='lat' dir='ltr'>desperandum</span> <span class='ocrx_word' id='word_1_232' title='bbox 728 3394 806 3439; x_wconf 89' lang='grc'><strong>0110.</strong></span> <span class='ocrx_word' id='word_1_233' title='bbox 854 3376 984 3441; x_wconf 85' lang='lat' dir='ltr'>Etenim</span> <span class='ocrx_word' id='word_1_234' title='bbox 1013 3379 1040 3441; x_wconf 90' lang='lat' dir='ltr'>si</span> <span class='ocrx_word' id='word_1_235' title='bbox 1065 3378 1229 3441; x_wconf 81' lang='lat' dir='ltr'>Charisius</span> <span class='ocrx_word' id='word_1_236' title='bbox 1252 3377 1388 3440; x_wconf 88' lang='lat' dir='ltr'>eundem</span> 
     </span>
     <span class='ocr_line' id='line_1_31' title="bbox 215 3480 1390 3569; baseline 0 -24"><span class='ocrx_word' id='word_1_237' title='bbox 215 3501 287 3545; x_wconf 88' lang='lat' dir='ltr'>cum</span> <span class='ocrx_word' id='word_1_238' title='bbox 315 3480 513 3557; x_wconf 79' lang='lat' dir='ltr'>Quintiliano</span> <span class='ocrx_word' id='word_1_239' title='bbox 537 3483 707 3567; x_wconf 89' lang='lat' dir='ltr'>usurpauit</span> <span class='ocrx_word' id='word_1_240' title='bbox 730 3481 970 3565; x_wconf 90' lang='lat' dir='ltr'>Palaemonem,</span> <span class='ocrx_word' id='word_1_241' title='bbox 1000 3486 1039 3548; x_wconf 92' lang='lat' dir='ltr'>de</span> <span class='ocrx_word' id='word_1_242' title='bbox 1063 3505 1127 3569; x_wconf 91' lang='lat' dir='ltr'>quo</span> <span class='ocrx_word' id='word_1_243' title='bbox 1155 3486 1217 3547; x_wconf 90' lang='lat' dir='ltr'>alio</span> <span class='ocrx_word' id='word_1_244' title='bbox 1240 3484 1315 3547; x_wconf 91' lang='lat' dir='ltr'>licet</span> <span class='ocrx_word' id='word_1_245' title='bbox 1339 3502 1390 3545; x_wconf 90' lang='lat' dir='ltr'>co-</span> 
     </span>
     <span class='ocr_line' id='line_1_32' title="bbox 215 3589 1390 3672; baseline 0.001 -21"><span class='ocrx_word' id='word_1_246' title='bbox 215 3590 317 3672; x_wconf 89' lang='lat' dir='ltr'>gitare</span> <span class='ocrx_word' id='word_1_247' title='bbox 350 3589 542 3653; x_wconf 89' lang='lat' dir='ltr'>Palaemone</span> <span class='ocrx_word' id='word_1_248' title='bbox 573 3591 635 3652; x_wconf 92' lang='lat' dir='ltr'>nisi</span> <span class='ocrx_word' id='word_1_249' title='bbox 669 3589 707 3652; x_wconf 93' lang='lat' dir='ltr'>de</span> <span class='ocrx_word' id='word_1_250' title='bbox 741 3589 776 3666; x_wconf 79' lang='lat' dir='ltr'>Q.</span> <span class='ocrx_word' id='word_1_251' title='bbox 805 3590 976 3657; x_wconf 85' lang='lat' dir='ltr'>Remmio?</span> <span class='ocrx_word' id='word_1_252' title='bbox 1007 3630 1051 3639; x_wconf 89' lang='lat'><em>-</em></span> <span class='ocrx_word' id='word_1_253' title='bbox 1085 3594 1184 3657; x_wconf 89' lang='lat' dir='ltr'>Cuius</span> <span class='ocrx_word' id='word_1_254' title='bbox 1216 3592 1390 3655; x_wconf 89' lang='lat' dir='ltr'>sententiae</span> 
     </span>
     <span class='ocr_line' id='line_1_33' title="bbox 213 3696 1390 3781; baseline 0.002 -23"><span class='ocrx_word' id='word_1_255' title='bbox 213 3702 450 3780; x_wconf 85' lang='lat' dir='ltr'>propugnatore</span> <span class='ocrx_word' id='word_1_256' title='bbox 473 3701 545 3759; x_wconf 91' lang='lat' dir='ltr'>utor</span> <span class='ocrx_word' id='word_1_257' title='bbox 568 3699 640 3760; x_wconf 90' lang='lat' dir='ltr'>uiro</span> <span class='ocrx_word' id='word_1_258' title='bbox 665 3697 757 3761; x_wconf 91' lang='lat' dir='ltr'>docto</span> <span class='ocrx_word' id='word_1_259' title='bbox 783 3697 855 3760; x_wconf 85' lang='lat' dir='ltr'>Joh.</span> <span class='ocrx_word' id='word_1_260' title='bbox 882 3696 1068 3780; x_wconf 83' lang='lat' dir='ltr'>Olausseuo,</span> <span class='ocrx_word' id='word_1_261' title='bbox 1092 3701 1147 3781; x_wconf 89' lang='lat' dir='ltr'>qui</span> <span class='ocrx_word' id='word_1_262' title='bbox 1171 3701 1206 3761; x_wconf 91' lang='lat' dir='ltr'>in</span> <span class='ocrx_word' id='word_1_263' title='bbox 1230 3718 1390 3761; x_wconf 89' lang='lat' dir='ltr'>commen-</span> 
     </span>
    </p>
   </div>
   <div class='ocr_carea' id='block_1_3' title="bbox 215 3979 1390 4316">
    <p class='ocr_par' dir='ltr' id='par_1_5' title="bbox 215 3979 1390 4124">
     <span class='ocr_line' id='line_1_34' title="bbox 306 3979 1390 4050; baseline -0.001 -17"><span class='ocrx_word' id='word_1_264' title='bbox 306 3980 327 4049; x_wconf 85' lang='grc'>1)</span> <span class='ocrx_word' id='word_1_265' title='bbox 349 3980 390 4034; x_wconf 86' lang='lat' dir='ltr'>Do</span> <span class='ocrx_word' id='word_1_266' title='bbox 408 3980 436 4035; x_wconf 84' lang='lat' dir='ltr'>C.</span> <span class='ocrx_word' id='word_1_267' title='bbox 456 3979 537 4033; x_wconf 90' lang='lat' dir='ltr'>Plinii</span> <span class='ocrx_word' id='word_1_268' title='bbox 557 3979 674 4034; x_wconf 85' lang='lat' dir='ltr'>Secundi</span> <span class='ocrx_word' id='word_1_269' title='bbox 697 3979 774 4035; x_wconf 91' lang='lat' dir='ltr'>libris</span> <span class='ocrx_word' id='word_1_270' title='bbox 799 3980 993 4050; x_wconf 88' lang='lat' dir='ltr'>grammaticis,</span> <span class='ocrx_word' id='word_1_271' title='bbox 1022 3998 1047 4048; x_wconf 86' lang='lat' dir='ltr'>p.</span> <span class='ocrx_word' id='word_1_272' title='bbox 1072 3985 1105 4035; x_wconf 78' lang='lat'>26</span> <span class='ocrx_word' id='word_1_273' title='bbox 1132 3997 1203 4050; x_wconf 86' lang='lat' dir='ltr'>sqq,</span> <span class='ocrx_word' id='word_1_274' title='bbox 1231 3982 1295 4035; x_wconf 88' lang='lat' dir='ltr'>diss.</span> <span class='ocrx_word' id='word_1_275' title='bbox 1320 3982 1390 4034; x_wconf 91' lang='lat' dir='ltr'>Bon-</span> 
     </span>
     <span class='ocr_line' id='line_1_35' title="bbox 215 4073 363 4124; baseline 0 -2"><span class='ocrx_word' id='word_1_276' title='bbox 215 4086 265 4124; x_wconf 89' lang='lat' dir='ltr'>nae</span> <span class='ocrx_word' id='word_1_277' title='bbox 287 4073 363 4124; x_wconf 74' lang='grc'><strong>18118.</strong></span> 
     </span>
    </p>

    <p class='ocr_par' dir='ltr' id='par_1_6' title="bbox 305 4157 713 4226">
     <span class='ocr_line' id='line_1_36' title="bbox 305 4157 713 4226; baseline 0 -15"><span class='ocrx_word' id='word_1_278' title='bbox 305 4157 327 4226; x_wconf 72' lang='lat'>⁹)</span> <span class='ocrx_word' id='word_1_279' title='bbox 350 4158 467 4211; x_wconf 84' lang='lat' dir='ltr'>Gramm.</span> <span class='ocrx_word' id='word_1_280' title='bbox 486 4157 544 4211; x_wconf 87' lang='lat' dir='ltr'>Lat.</span> <span class='ocrx_word' id='word_1_281' title='bbox 563 4157 588 4210; x_wconf 80' lang='lat' dir='ltr'>V</span> <span class='ocrx_word' id='word_1_282' title='bbox 607 4174 633 4226; x_wconf 88' lang='lat' dir='ltr'>p.</span> <span class='ocrx_word' id='word_1_283' title='bbox 653 4163 713 4213; x_wconf 88' lang='grc'><strong>334.</strong></span> 
     </span>
    </p>

    <p class='ocr_par' dir='ltr' id='par_1_7' title="bbox 304 4246 749 4316">
     <span class='ocr_line' id='line_1_37' title="bbox 304 4246 749 4316; baseline 0 -16"><span class='ocrx_word' id='word_1_284' title='bbox 304 4247 327 4316; x_wconf 76' lang='lat'>⁸)</span> <span class='ocrx_word' id='word_1_285' title='bbox 347 4246 431 4302; x_wconf 91' lang='lat' dir='ltr'>schol.</span> <span class='ocrx_word' id='word_1_286' title='bbox 452 4248 486 4301; x_wconf 90' lang='lat' dir='ltr'>ad</span> <span class='ocrx_word' id='word_1_287' title='bbox 505 4247 625 4302; x_wconf 87' lang='lat' dir='ltr'>quenal.</span> <span class='ocrx_word' id='word_1_288' title='bbox 645 4252 670 4316; x_wconf 86' lang='lat'>6,</span> <span class='ocrx_word' id='word_1_289' title='bbox 688 4251 749 4302; x_wconf 78' lang='grc'><strong>452.</strong></span> 
     </span>
    </p>
   </div>
   <div class='ocr_carea' id='block_1_4' title="bbox 0 0 1538 4958">
    <p class='ocr_par' dir='ltr' id='par_1_8' title="bbox 0 0 1538 4958">
     <span class='ocr_line' id='line_1_38' title="bbox 0 0 1538 4958; baseline 0 0"><span class='ocrx_word' id='word_1_290' title='bbox 0 0 1538 4958; x_wconf 95' lang='lat' dir='ltr'> </span> 
     </span>
    </p>
   </div>
  </div>
 </body>
</html>
