3052 4958
653 271 872 330 -34-

174 448 331 526 quamam
364 445 620 528 agrarnmaticis
654 465 727 508 oum
752 464 788 508 eo
822 446 953 508 conlatis
987 445 1213 527 comperimus,
1247 463 1349 507 esua

172 553 241 633 ipse
274 551 418 614 doctrina
449 551 530 612 nihil
563 553 694 615 omnine
727 553 857 615 addidit.
904 551 987 616 Sane
1010 551 1255 615 Schottmueller
1284 549 1349 613 sibi

171 659 368 741 persuasisse
395 657 525 719 uidetur
556 656 736 721 Charisium
766 661 1049 742 grammaticorum
1079 659 1240 721 doctrinae
1270 676 1349 719 suas

173 764 411 828 obseruationes
441 765 603 827 interdum
632 766 845 829 immiscuisse.
900 766 993 830 Unde
1016 766 1049 828 id
1078 765 1139 828 sibi
1163 765 1349 847 sumpserit,

173 890 245 934 cum
272 876 460 954 argumenta
490 871 580 934 nulla
603 872 773 946 addiderit,
797 874 912 936 nescio.
959 873 1042 937 Nam
1067 892 1084 936 3
1108 871 1285 934 disserendi
1310 889 1349 932 eo

174 977 301 1060 quidem
329 997 445 1060 genere
476 978 507 1040 id
543 998 605 1040 non
636 984 722 1062 patet
754 985 784 1043 et
806 973 952 1061 ‘utputa’
976 980 1174 1058 coniuncti0,
1207 997 1304 1060 quam
1331 997 1351 1039 a

173 1082 314 1147 Charisio
338 1106 366 1167 p.
392 1087 467 1164 232,
485 1088 522 1147 11
549 1085 688 1149 additam
718 1105 786 1150 esse
809 1091 846 1148 ut
873 1088 1001 1150 interim
1026 1086 1212 1165 concedam,
1239 1091 1352 1147 tamen

172 1210 237 1253 non
262 1190 443 1254 obseruatio
468 1197 523 1254 est.
570 1192 631 1255 Sed
655 1194 727 1255 uiro
752 1193 844 1255 docto
872 1193 931 1255 hae
953 1196 987 1255 in
1010 1213 1053 1271 re,
1079 1213 1151 1256 cum
1175 1211 1252 1275 pace
1276 1193 1351 1253 eius

173 1297 319 1375 dixerim,
344 1301 439 1362 uenia
460 1299 565 1361 danda
589 1306 644 1381 331,
669 1305 705 1362 ut
729 1301 839 1382 quiec
864 1304 1006 1382 tempore
1029 1300 1255 1382 grammaticos
1279 1319 1350 1362 non

173 1410 237 1467 tarn
256 1405 350 1488 plane
368 1407 528 1489 inspicere
547 1408 693 1489 potuerit.
731 1406 852 1469 Verum
876 1408 969 1468 etiam
989 1400 1056 1468 ‘ut'
1076 1407 1350 1487 coniunctionem,

174 1531 271 1593 quam
295 1533 314 1575 a
333 1512 526 1575 Palaemone
549 1513 686 1575 alienam
710 1533 779 1576 esse
802 1515 855 1575 uir
879 1514 991 1576 doctus
1015 1515 1091 1576 satis
1115 1515 1193 1575 mire
1217 1517 1351 1575 conten-

174 1619 232 1698 dit,
264 1640 282 1681 a
308 1621 516 1702 grammatico
546 1624 654 1682 nostro
686 1620 839 1702 exemplis
869 1623 1082 1703 praepositam
1109 1639 1177 1683 esse
1206 1640 1280 1682 eum
1307 1639 1351 1682 ex

173 1727 232 1805 313,
267 1745 348 1808 quae
381 1745 478 1807 supra
510 1725 641 1808 protuli,
673 1730 743 1787 tum
768 1745 809 1788 ex
832 1727 892 1789 hoo
920 1729 1023 1809 capite
1052 1724 1086 1788 X
1114 1727 1238 1789 conlato
1272 1746 1351 1790 cum

174 1838 360 1915 excerptore
380 1833 458 1895 Bob.
482 1833 592 1914 liquet.
634 1831 812 1915 Excerptor
830 1834 916 1894 enim
940 1833 956 1895 I
978 1855 1007 1917 p.
1032 1836 1159 1914 33113
1180 1853 1247 1916 sqq.
1267 1852 1351 1914 earn,

174 1958 255 2020 quae
285 1940 319 2000 in
344 1940 446 2021 capite
469 1938 503 2000 X
527 1944 630 2001 exstat
660 1939 838 2002 doctrinam
861 1941 1003 2002 maxima
1031 1959 1072 2002 ex
1099 1948 1189 2022 parte
1213 1941 1352 2003 eandem

82 2126 85 2130 p
173 2052 307 2109 enarrat.
355 2044 458 2122 Quem
477 2044 612 2108 Charisii
634 2045 715 2108 libro
739 2066 837 2108 usum
861 2065 926 2108 non
951 2065 1019 2109 esse
1038 2046 1132 2109 hodie
1156 2047 1215 2110 sub
1240 2047 1352 2111 iudice

173 2174 238 2216 non
261 2155 324 2217 iam
347 2155 387 2217 lis
410 2159 465 2217 est.
512 2152 625 2235 Itaque
650 2174 722 2216 cum
746 2154 826 2216 haec
849 2155 894 2215 ita
918 2154 993 2223 sint,
1017 2158 1107 2216 utet
1131 2138 1294 2217 Charisius
1318 2159 1351 2216 et

174 2266 341 2344 excerptor
360 2261 479 2324 eisdem
497 2261 577 2323 locis
596 2280 668 2322 cum
692 2253 760 2322 ‘ut’
779 2265 849 2323 tum
868 2253 989 2322 ‘uelut'
1014 2266 1083 2322 tum
1106 2261 1238 2343 reliqua,
1263 2279 1350 2343 quae

171 2389 268 2450 supra
293 2369 361 2430 dixi
386 2367 570 2450 explicandi
588 2387 706 2450 genera
729 2387 804 2429 cum
830 2367 1007 2429 constantia
1034 2366 1171 2448 quadam
1192 2367 1348 2450 exemplis

171 2476 427 2558 praeposuerint,
458 2495 537 2536 num
570 2475 664 2536 etiam
695 2473 782 2534 hisce
812 2473 956 2556 partibus
988 2474 1189 2536 censebimus
1217 2467 1287 2536 ‘ut'
1316 2482 1351 2536 et

170 2575 295 2644 ‘uelut'
321 2587 351 2642 31
373 2581 500 2662 reliqua
522 2583 606 2643 inter
629 2599 662 2642 se
685 2579 909 2661 respondentia
933 2580 1019 2662 apud
1043 2586 1218 2663 utrumque
1241 2601 1351 2663 gram-

171 2688 323 2750 maticum
353 2687 483 2749 licentia
507 2687 643 2769 quadarn
675 2691 898 2768 excerptorum
931 2693 998 2749 orta
1031 2688 1120 2770 esse?
1166 2687 1253 2768 Non,
1285 2689 1351 2750 nisi

171 2795 251 2857 forte
274 2798 449 2856 statuemus
469 2793 704 2876 conspiratione
729 2794 869 2876 quadam
894 2813 930 2856 ac
950 2794 1150 2857 diuinatione
1174 2800 1205 2857 et
1228 2793 1350 2857 3013-

171 2903 247 2963 risio
278 2907 309 2963 et
339 2900 377 2963 ab
403 2906 587 2985 excerptore
609 2892 677 2963 tut'
701 2902 962 2965 eoniunctionem
990 2901 1179 2984 etreliqua,
1211 2920 1285 2964 cum
1309 2906 1348 2963 in

170 3008 257 3071 fonto
278 3000 393 3071 ‘uelut'
416 3009 520 3089 fuerit,
544 2992 647 3091 posita
670 3027 746 3071 esse.
794 3009 855 3076 Sed
880 3010 957 3091 quid
982 3010 1102 3071 nimius
1126 3028 1197 3071 sum
1226 3009 1261 3069 in
1290 3008 1350 3088 313,

172 3135 254 3197 quae
277 3135 335 3198 per
359 3135 391 3178 se
410 3116 532 3198 patent!
578 3116 812 3194 Palaemonem,
838 3117 893 3197 qui
913 3121 944 3178 et
960 3108 1181 3178 ‘incusatiuos'
1202 3120 1232 3179 31
1253 3106 1348 3196 ‘qua-

171 3216 287 3284 litates'
307 3226 338 3284 31
355 3213 638 3304 ‘pronuntiatiuos'
659 3226 690 3284 et
708 3222 770 3283 alia
788 3221 887 3283 multa
906 3223 1052 3284 irariandi
1071 3242 1167 3285 causa
1185 3222 1349 3302 extulerit,

173 3332 244 3410 quis
264 3333 319 3409 cst,
345 3330 491 3410 quicum
512 3327 619 3390 credat
637 3346 762 3411 semper
778 3319 892 3391 ‘uelut'
912 3331 1171 3392 coniunctionem
1190 3327 1349 3411 exemplis

171 3437 401 3520 praeposuisse.
434 3435 520 3517 Ergo
534 3433 707 3496 Palaemon
718 3440 754 3497 ut
765 3436 911 3518 exenrpla
921 3443 1088 3518 promeret,
1109 3438 1198 3499 uaria
1218 3436 1348 3499 dicendi

170 3544 292 3605 ratione
316 3562 397 3604 usus
421 3547 476 3604 est.
514 3541 585 3603 Hoc
609 3542 737 3623 quidem
764 3562 878 3604 uerum
903 3547 1032 3606 estnec
1056 3545 1227 3626 quisquam
1251 3549 1348 3625 negat

170 3649 353 3713 Remmium
377 3667 482 3711 anrore
503 3648 641 3730 quodam
666 3669 702 3711 ac
721 3650 828 3711 studio
845 3643 960 3712 ‘uelut’
980 3651 1238 3713 coniunctionem
1262 3651 1349 3712 sicut

170 3762 200 3818 et
223 3756 374 3819 ueniendi
395 3760 426 3818 et
445 3756 597 3819 efferendi
616 3755 716 3819 uerba
735 3756 926 3820 adhibuisse.
965 3754 1070 3830 Quare
1090 3757 1210 3819 accedit
1227 3748 1348 3818 ‘uelut'

170 3882 235 3925 non
257 3882 314 3944 per
336 3880 370 3924 se
393 3863 479 3925 ualet
502 3871 727 3945 argumentum
751 3869 782 3925 31
805 3862 861 3925 ubi
884 3864 1001 3926 iterum
1026 3882 1063 3925 ao
1081 3864 1207 3946 saepius
1232 3882 1348 3925 occur-

170 3972 220 4051 rit,
243 3969 288 4031 ibi
312 3990 420 4032 ansam
441 3969 571 4051 praehet
594 3971 647 4033 uel
665 3971 972 4054 praestantissimam
992 3970 1231 4051 cognoscendae
1250 3967 1347 4031 Rern-

170 4078 296 4139 mianae
320 4077 494 4156 doctrinae,
528 4077 584 4138 sed
613 4077 669 4140 ubi
692 4097 757 4140 non
779 4077 957 4156 inuenitur,
990 4076 1070 4138 nihil
1094 4082 1154 4152 est,
1188 4075 1273 4158 quod
1306 4075 1347 4140 de

171 4183 372 4247 Palaemonis
397 4183 540 4245 doctrina
564 4184 702 4265 cogitare
725 4185 897 4246 mittamus.
933 4182 1086 4246 Nostrum
1116 4189 1222 4246 autem
1251 4191 1348 4265 caput

171 4310 212 4354 ex
236 4311 301 4354 uno
324 4291 410 4353 fonte
433 4288 567 4353 fluxisse
591 4310 664 4353 cum
690 4290 901 4354 edisserendi
924 4293 979 4354 nia
997 4297 1063 4354 tum
1089 4291 1164 4353 inde
1183 4289 1350 4373 probatur,
