3052 4958
685 825 740 908 VI
750 825 827 906 ΤΑ.

258 1082 360 1146 Natus
385 1101 456 1145 sum
480 1079 611 1143 Carolus
634 1079 781 1142 Andreas
804 1077 974 1141 Marschall
996 1076 1243 1160 Heiligenstadii
1266 1097 1292 1140 a.
1317 1077 1344 1138 d.

170 1191 244 1254 VII.
268 1189 339 1252 Kal.
367 1188 458 1252 Febr.
492 1207 575 1250 anno
599 1188 629 1248 h.
654 1206 677 1249 s
701 1184 787 1249 LIX.
814 1189 901 1268 patre
925 1185 1064 1260 Adamo,
1093 1189 1194 1246 matre
1222 1182 1347 1245 Martha

172 1298 211 1360 de
240 1302 335 1380 gente
364 1294 473 1376 Drost,
505 1315 641 1378 quorum
669 1294 732 1356 iam
762 1292 983 1355 defunctorum
1009 1296 1131 1373 gratam
1160 1291 1345 1354 memoriam

171 1405 259 1466 nulla
286 1405 320 1465 in
343 1422 394 1464 me
421 1423 572 1484 umquam
604 1401 723 1464 delebit
750 1399 879 1466 obliuio.
929 1398 1042 1462 Fidem
1069 1395 1218 1481 profiteor
1242 1397 1346 1459 catho-

171 1511 272 1573 licam.
316 1508 492 1589 Gymnasio
515 1510 637 1592 patriae
659 1507 748 1570 urbis
773 1506 917 1569 absoluto
941 1511 1112 1589 postquam
1134 1523 1189 1588 per
1211 1503 1346 1567 hiemale

170 1623 297 1701 tempus
321 1617 399 1678 anni
418 1615 446 1679 h.
467 1635 490 1678 s.
510 1614 657 1679 LXXXI
674 1614 862 1678 Monasterii
880 1614 1067 1696 theologicis
1086 1612 1199 1675 studiis
1219 1631 1345 1695 operam

171 1724 299 1804 nauaui,
322 1741 398 1786 uere
423 1723 499 1784 anni
521 1720 685 1785 LXXXII
708 1721 910 1804 Friburgum,
933 1726 970 1783 ut
992 1720 1142 1783 milltaria
1164 1718 1268 1782 officia
1291 1739 1346 1783 ex-

172 1849 328 1912 sequerer,
361 1848 412 1892 me
445 1830 574 1892 contuli.
631 1828 700 1904 Quo
731 1829 814 1892 facto
846 1827 993 1909 I'riburgi
1025 1845 1082 1911 per
1114 1831 1263 1890 aestatem
1296 1829 1346 1888 in-

172 1938 335 2019 sequentis
359 1938 436 1999 anni
459 1939 563 2000 mansi
587 1922 766 2020 theologiae
789 1941 821 1999 et
842 1935 1035 2019 phssologiae
1059 1934 1195 1998 dedItus.
1242 1931 1347 1996 Sacris

172 2045 287 2107 studiis
315 2048 424 2128 postea
452 2063 504 2107 me
527 2044 681 2108 abdicaui.
733 2045 899 2107 Autumno
929 2042 1004 2104 anni
1027 2039 1208 2103 LXXXIII
1229 2042 1346 2104 iterum

170 2150 401 2214 Monastorium
423 2153 508 2235 petii,
532 2152 589 2215 ubi
611 2172 668 2236 per
691 2151 741 2215 bis
765 2170 858 2215 senos
877 2167 1004 2213 menses
1027 2149 1061 2210 in
1084 2147 1257 2232 philologia
1275 2167 1347 2212 uer·
1435 2235 1436 2239 Ἰ

173 2263 258 2319 satus
286 2278 365 2320 sum.
422 2258 495 2320 Uno
528 2278 611 2320 anno
645 2265 717 2341 post
750 2259 928 2320 studiorum
955 2255 1221 2339 perficiendorum
1251 2275 1347 2319 causa

173 2362 300 2425 tandem
324 2363 362 2424 ad
386 2364 467 2424 hanc
493 2363 621 2426 Almam
644 2363 780 2427 Matrem
804 2361 1000 2446 Lipsiensem
1029 2363 1163 2444 accessi,
1192 2364 1283 2426 cuius
1307 2363 1356 2441 ad¹

172 2470 259 2532 hunc
283 2469 368 2533 hem
392 2471 473 2533 ciuis
498 2469 554 2533 fui.

260 2575 447 2640 Docuerunt
469 2595 520 2640 me
542 2577 606 2640 uiri
632 2577 855 2642 illustrissimI:
887 2577 1086 2661 Hagemann,
1108 2575 1249 2660 Langen,
1271 2575 1347 2640 Nie-

172 2685 259 2765 hues,
286 2684 317 2747 N
319 2683 453 2767 ordhoff,
483 2683 584 2766 Stahl,
614 2683 720 2768 Storlr,
746 2684 895 2748 Willlner
923 2683 1197 2761 Monasteriensis3
1231 2681 1347 2764 Hense,

172 2789 211 2855 de
240 2791 349 2876 Holst,
381 2792 475 2875 Paul,
509 2791 666 2874 Schmidt,
704 2790 832 2856 Simson
864 2791 1108 2874 Friburgenses3
1142 2791 1181 2853 de
1211 2775 1347 2873 Bahder,

171 2898 304 2982 Heinze,
334 2899 450 2983 Lange,
480 2898 615 2983 Lipsius
645 2898 801 2981 Ribbeck,
828 2897 970 2961 Zarnelre
1002 2897 1189 2981 Lipsieuses.
1235 2898 1347 2963 Prose-

172 3007 316 3068 minariis
338 3006 481 3087 interfui,
506 3026 586 3088 quae
609 3008 817 3069 Instituerunt
843 3005 961 3086 Hense,
989 3004 1082 3088 Paul,
1109 3007 1252 3071 Schmidt
1279 3005 1347 3070 Fri·
1430 3062 1433 3067 .
1502 3038 1505 3043 ·

172 3112 361 3197 burgensem
386 3110 526 3195 Langen,
550 3110 647 3192 Stahl,
671 3111 765 3175 Stork
787 3111 1060 3174 Monasterienses.
1097 3111 1221 3196 Langii,
1240 3112 1347 3198 Lipsii,
1458 3152 1461 3157 -
1512 3102 1516 3107 ’

172 3218 340 3282 Ribbeclrii
364 3218 558 3302 benignItate
581 3219 663 3281 mihi
687 3220 832 3302 configit,
860 3219 952 3281 utin
976 3220 1140 3282 societates
1165 3239 1274 3283 eorum
1297 3238 1347 3282 re·

174 3328 293 3408 ciperer
314 3326 528 3409 philologicos.
575 3324 744 3389 Seminarii
767 3327 942 3408 germanici
965 3324 1156 3388 aZarnchio
1178 3324 1348 3408 gubernati

171 3451 228 3516 per
251 3452 372 3496 annum
397 3439 429 3497 et
452 3432 619 3496 dimidium
646 3434 750 3497 socius
772 3433 820 3496 fui
843 3433 1122 3497 extraordInarius.

262 3538 420 3604 Omnibus
442 3541 492 3604 hle
515 3541 595 3603 uiris
619 3540 810 3604 doctissimis
832 3541 981 3624 Inprimis
1006 3537 1040 3602 0.
1064 3538 1240 3604 Ribbeckio
1268 3543 1347 3625 opti-

172 3667 223 3710 me
246 3648 285 3711 de
309 3648 423 3712 studiis
446 3649 527 3712 meis
550 3649 672 3711 mentis
695 3648 754 3710 hae
778 3649 1010 3731 opportunitate
1034 3649 1154 3731 gratiae
1177 3648 1347 3712 soluendae

173 3754 246 3815 data
271 3757 418 3839 gratiam,
447 3760 600 3838 quantam
627 3756 805 3818 maximam
834 3756 960 3825 animus
987 3773 1079 3839 meus
1103 3774 1213 3840 capere
1236 3761 1347 3839 potest,

173 3866 203 3923 et
226 3880 285 3943 ego
309 3867 340 3923 et
361 3863 483 3926 habebo
507 3882 632 3948 semper
655 3864 739 3939 sicut
762 3864 808 3927 eis
832 3864 971 3926 uirisin
994 3865 1161 3947 gymnasio
1180 3861 1347 3946 Heiligen-

173 3968 313 4031 stadensi
332 3969 525 4052 uigentibus,
546 3972 601 4053 qui
620 3991 726 4034 rerum
744 3969 934 4034 Graecarum
953 3976 985 4033 et
1002 3969 1217 4034 Romanarum
1235 3971 1346 4054 primis

173 4075 338 4138 elementis
361 4093 412 4137 me
435 4076 627 4141 imbuerunt.
