<?xml version="1.0" encoding="UTF-8"?>
<!DOCTYPE html PUBLIC "-//W3C//DTD XHTML 1.0 Transitional//EN"
    "http://www.w3.org/TR/xhtml1/DTD/xhtml1-transitional.dtd">
<html xmlns="http://www.w3.org/1999/xhtml" xml:lang="en" lang="en">
 <head>
  <title>
</title>
<meta http-equiv="Content-Type" content="text/html;charset=utf-8" />
  <meta name='ocr-system' content='tesseract 3.04.00' />
  <meta name='ocr-capabilities' content='ocr_page ocr_carea ocr_par ocr_line ocrx_word'/>
</head>
<body>
  <div class='ocr_page' id='page_1' title='image "./deqremmiipalaem00marsgoog_0017.png"; bbox 0 0 3052 4958; ppageno 0'>
   <div class='ocr_carea' id='block_1_1' title="bbox 651 263 869 324">
    <p class='ocr_par' dir='ltr' id='par_1_1' title="bbox 651 263 869 324">
     <span class='ocr_line' id='line_1_1' title="bbox 651 263 869 324; baseline -0.005 -17"><span class='ocrx_word' id='word_1_1' title='bbox 651 263 869 324; x_wconf 71' lang='lat'>-12-</span> 
     </span>
    </p>
   </div>
   <div class='ocr_carea' id='block_1_2' title="bbox 169 438 1352 2340">
    <p class='ocr_par' dir='ltr' id='par_1_2' title="bbox 169 438 1352 2340">
     <span class='ocr_line' id='line_1_2' title="bbox 173 438 1348 522; baseline 0 -20"><span class='ocrx_word' id='word_1_2' title='bbox 173 459 244 503; x_wconf 88' lang='lat' dir='ltr'>mor</span> <span class='ocrx_word' id='word_1_3' title='bbox 270 442 489 504; x_wconf 77' lang='lat' dir='ltr'>memoria...</span> <span class='ocrx_word' id='word_1_4' title='bbox 520 439 592 521; x_wconf 85' lang='lat' dir='ltr'>Sed,</span> <span class='ocrx_word' id='word_1_5' title='bbox 620 440 648 504; x_wconf 92' lang='lat' dir='ltr'>si</span> <span class='ocrx_word' id='word_1_6' title='bbox 670 444 787 502; x_wconf 89' lang='lat' dir='ltr'>natura</span> <span class='ocrx_word' id='word_1_7' title='bbox 811 438 932 502; x_wconf 85' lang='lat' dir='ltr'>Graeca</span> <span class='ocrx_word' id='word_1_8' title='bbox 954 438 1087 520; x_wconf 89' lang='lat' dir='ltr'>fuerint,</span> <span class='ocrx_word' id='word_1_9' title='bbox 1117 441 1227 522; x_wconf 89' lang='lat' dir='ltr'>utique</span> <span class='ocrx_word' id='word_1_10' title='bbox 1250 441 1348 502; x_wconf 86' lang='lat' dir='ltr'>corri-</span> 
     </span>
     <span class='ocr_line' id='line_1_3' title="bbox 173 540 1348 631; baseline 0.001 -23"><span class='ocrx_word' id='word_1_11' title='bbox 173 548 316 630; x_wconf 91' lang='lat' dir='ltr'>piuntur,</span> <span class='ocrx_word' id='word_1_12' title='bbox 343 552 377 611; x_wconf 92' lang='lat' dir='ltr'>ut</span> <span class='ocrx_word' id='word_1_13' title='bbox 399 547 520 611; x_wconf 79' lang='lat' dir='ltr'>Hector</span> <span class='ocrx_word' id='word_1_14' title='bbox 537 546 701 625; x_wconf 89' lang='lat' dir='ltr'>Hectoris,</span> <span class='ocrx_word' id='word_1_15' title='bbox 724 545 841 610; x_wconf 88' lang='lat' dir='ltr'>Nestor</span> <span class='ocrx_word' id='word_1_16' title='bbox 862 544 1020 610; x_wconf 85' lang='lat' dir='ltr'>Nestoris.</span> <span class='ocrx_word' id='word_1_17' title='bbox 1036 596 1043 610; x_wconf 91' lang='lat'><strong>.</strong></span> <span class='ocrx_word' id='word_1_18' title='bbox 1059 540 1097 631; x_wconf 80' lang='lat'>.&#39;;</span> <span class='ocrx_word' id='word_1_19' title='bbox 1121 552 1153 610; x_wconf 90' lang='lat' dir='ltr'>et</span> <span class='ocrx_word' id='word_1_20' title='bbox 1175 567 1203 630; x_wconf 92' lang='lat' dir='ltr'>p.</span> <span class='ocrx_word' id='word_1_21' title='bbox 1228 548 1348 627; x_wconf 79' lang='lat'>63,11:</span> 
     </span>
     <span class='ocr_line' id='line_1_4' title="bbox 169 647 1349 737; baseline 0 -21"><span class='ocrx_word' id='word_1_22' title='bbox 169 647 287 728; x_wconf 81' lang='lat' dir='ltr'>‘Quare</span> <span class='ocrx_word' id='word_1_23' title='bbox 311 673 385 737; x_wconf 85' lang='lat' dir='ltr'>ergo</span> <span class='ocrx_word' id='word_1_24' title='bbox 411 651 519 717; x_wconf 89' lang='lat' dir='ltr'>Cicero</span> <span class='ocrx_word' id='word_1_25' title='bbox 544 652 719 735; x_wconf 79' lang='lat' dir='ltr'>Ciceronis,</span> <span class='ocrx_word' id='word_1_26' title='bbox 750 652 845 716; x_wconf 87' lang='lat' dir='ltr'>turbo</span> <span class='ocrx_word' id='word_1_27' title='bbox 875 651 1032 717; x_wconf 79' lang='lat' dir='ltr'>turbinis?</span> <span class='ocrx_word' id='word_1_28' title='bbox 1078 651 1193 716; x_wconf 90' lang='lat' dir='ltr'>Omnia</span> <span class='ocrx_word' id='word_1_29' title='bbox 1216 655 1349 716; x_wconf 91' lang='lat' dir='ltr'>nomina</span> 
     </span>
     <span class='ocr_line' id='line_1_5' title="bbox 170 759 1349 843; baseline 0 -20"><span class='ocrx_word' id='word_1_30' title='bbox 170 760 320 825; x_wconf 88' lang='lat' dir='ltr'>olittera</span> <span class='ocrx_word' id='word_1_31' title='bbox 344 760 437 840; x_wconf 90' lang='lat' dir='ltr'>elata,</span> <span class='ocrx_word' id='word_1_32' title='bbox 466 759 625 843; x_wconf 87' lang='lat' dir='ltr'>siquidem</span> <span class='ocrx_word' id='word_1_33' title='bbox 653 761 781 843; x_wconf 86' lang='lat' dir='ltr'>propria</span> <span class='ocrx_word' id='word_1_34' title='bbox 809 761 885 840; x_wconf 90' lang='lat' dir='ltr'>sint,</span> <span class='ocrx_word' id='word_1_35' title='bbox 915 778 974 842; x_wconf 91' lang='lat' dir='ltr'>per</span> <span class='ocrx_word' id='word_1_36' title='bbox 1003 761 1073 823; x_wconf 85' lang='lat' dir='ltr'>onis</span> <span class='ocrx_word' id='word_1_37' title='bbox 1102 761 1251 843; x_wconf 84' lang='lat' dir='ltr'>genetiuo</span> <span class='ocrx_word' id='word_1_38' title='bbox 1275 759 1349 824; x_wconf 85' lang='lat' dir='ltr'>effe-</span> 
     </span>
     <span class='ocr_line' id='line_1_6' title="bbox 170 858 1350 950; baseline 0 -20"><span class='ocrx_word' id='word_1_39' title='bbox 170 872 300 949; x_wconf 89' lang='lat' dir='ltr'>runtur,</span> <span class='ocrx_word' id='word_1_40' title='bbox 329 872 368 930; x_wconf 89' lang='lat' dir='ltr'>ut</span> <span class='ocrx_word' id='word_1_41' title='bbox 391 867 477 930; x_wconf 87' lang='lat' dir='ltr'>Zeno</span> <span class='ocrx_word' id='word_1_42' title='bbox 501 866 652 947; x_wconf 83' lang='lat' dir='ltr'>Zenonis,</span> <span class='ocrx_word' id='word_1_43' title='bbox 675 864 768 929; x_wconf 87' lang='lat' dir='ltr'>Plato</span> <span class='ocrx_word' id='word_1_44' title='bbox 791 858 965 945; x_wconf 74' lang='lat' dir='ltr'>Platonis&#39;3</span> <span class='ocrx_word' id='word_1_45' title='bbox 994 875 1026 929; x_wconf 91' lang='lat' dir='ltr'>et</span> <span class='ocrx_word' id='word_1_46' title='bbox 1047 887 1077 950; x_wconf 92' lang='lat' dir='ltr'>p.</span> <span class='ocrx_word' id='word_1_47' title='bbox 1102 869 1154 947; x_wconf 80' lang='grc'>64,</span> <span class='ocrx_word' id='word_1_48' title='bbox 1164 868 1221 930; x_wconf 82' lang='grc' dir='ltr'>2οε</span> <span class='ocrx_word' id='word_1_49' title='bbox 1250 860 1350 930; x_wconf 84' lang='lat' dir='ltr'>‘Item</span> 
     </span>
     <span class='ocr_line' id='line_1_7' title="bbox 172 971 1349 1057; baseline 0 -20"><span class='ocrx_word' id='word_1_50' title='bbox 172 975 345 1057; x_wconf 89' lang='lat' dir='ltr'>quaeritur,</span> <span class='ocrx_word' id='word_1_51' title='bbox 370 993 469 1056; x_wconf 89' lang='lat' dir='ltr'>quare</span> <span class='ocrx_word' id='word_1_52' title='bbox 492 972 568 1037; x_wconf 84' lang='lat' dir='ltr'>Sino</span> <span class='ocrx_word' id='word_1_53' title='bbox 592 972 733 1053; x_wconf 82' lang='lat' dir='ltr'>Sinonis,</span> <span class='ocrx_word' id='word_1_54' title='bbox 763 971 890 1036; x_wconf 87' lang='lat' dir='ltr'>Memno</span> <span class='ocrx_word' id='word_1_55' title='bbox 914 972 1104 1037; x_wconf 89' lang='lat' dir='ltr'>Memnonis.</span> <span class='ocrx_word' id='word_1_56' title='bbox 1153 971 1269 1037; x_wconf 90' lang='lat' dir='ltr'>Omnia</span> <span class='ocrx_word' id='word_1_57' title='bbox 1291 993 1349 1037; x_wconf 92' lang='lat' dir='ltr'>no-</span> 
     </span>
     <span class='ocr_line' id='line_1_8' title="bbox 172 1079 1351 1163; baseline 0.002 -21"><span class='ocrx_word' id='word_1_58' title='bbox 172 1082 260 1143; x_wconf 90' lang='lat' dir='ltr'>mina</span> <span class='ocrx_word' id='word_1_59' title='bbox 291 1080 412 1145; x_wconf 85' lang='lat' dir='ltr'>Graeca</span> <span class='ocrx_word' id='word_1_60' title='bbox 441 1080 595 1144; x_wconf 80' lang='lat' dir='ltr'>Graecam</span> <span class='ocrx_word' id='word_1_61' title='bbox 625 1081 779 1142; x_wconf 90' lang='lat' dir='ltr'>rationem</span> <span class='ocrx_word' id='word_1_62' title='bbox 808 1084 839 1142; x_wconf 90' lang='lat' dir='ltr'>et</span> <span class='ocrx_word' id='word_1_63' title='bbox 868 1081 955 1163; x_wconf 90' lang='lat' dir='ltr'>apud</span> <span class='ocrx_word' id='word_1_64' title='bbox 981 1079 1110 1144; x_wconf 89' lang='lat' dir='ltr'>Latinos</span> <span class='ocrx_word' id='word_1_65' title='bbox 1138 1085 1289 1144; x_wconf 89' lang='lat' dir='ltr'>secuntur</span> <span class='ocrx_word' id='word_1_66' title='bbox 1317 1086 1351 1144; x_wconf 91' lang='lat' dir='ltr'>et</span> 
     </span>
     <span class='ocr_line' id='line_1_9' title="bbox 172 1186 1349 1271; baseline 0.001 -22"><span class='ocrx_word' id='word_1_67' title='bbox 172 1191 250 1249; x_wconf 90' lang='lat' dir='ltr'>tunc</span> <span class='ocrx_word' id='word_1_68' title='bbox 274 1187 455 1270; x_wconf 89' lang='lat' dir='ltr'>producunt</span> <span class='ocrx_word' id='word_1_69' title='bbox 482 1206 500 1250; x_wconf 92' lang='grc' dir='ltr'><em>ο</em></span> <span class='ocrx_word' id='word_1_70' title='bbox 522 1187 661 1249; x_wconf 90' lang='lat' dir='ltr'>litteram</span> <span class='ocrx_word' id='word_1_71' title='bbox 690 1187 856 1269; x_wconf 84' lang='lat' dir='ltr'>genetiuo,</span> <span class='ocrx_word' id='word_1_72' title='bbox 884 1206 959 1250; x_wconf 89' lang='lat' dir='ltr'>cum</span> <span class='ocrx_word' id='word_1_73' title='bbox 982 1188 1078 1251; x_wconf 89' lang='lat' dir='ltr'>etiam</span> <span class='ocrx_word' id='word_1_74' title='bbox 1101 1187 1186 1271; x_wconf 91' lang='lat' dir='ltr'>apud</span> <span class='ocrx_word' id='word_1_75' title='bbox 1210 1186 1349 1251; x_wconf 84' lang='lat' dir='ltr'>Graecos</span> 
     </span>
     <span class='ocr_line' id='line_1_10' title="bbox 173 1287 1348 1378; baseline 0.002 -23"><span class='ocrx_word' id='word_1_76' title='bbox 173 1293 370 1376; x_wconf 79' lang='lat' dir='ltr'>producunt,</span> <span class='ocrx_word' id='word_1_77' title='bbox 398 1296 489 1358; x_wconf 90' lang='lat' dir='ltr'>uelut</span> <span class='ocrx_word' id='word_1_78' title='bbox 516 1287 629 1357; x_wconf 83' lang='grc' dir='ltr'><em>Κόνων</em></span> <span class='ocrx_word' id='word_1_79' title='bbox 655 1288 802 1363; x_wconf 84' lang='grc' dir='ltr'><em>Κόνωνος</em></span> <span class='ocrx_word' id='word_1_80' title='bbox 829 1298 861 1356; x_wconf 90' lang='lat' dir='ltr'>et</span> <span class='ocrx_word' id='word_1_81' title='bbox 888 1295 973 1378; x_wconf 90' lang='lat' dir='ltr'>apud</span> <span class='ocrx_word' id='word_1_82' title='bbox 1000 1315 1059 1358; x_wconf 87' lang='lat' dir='ltr'>nos</span> <span class='ocrx_word' id='word_1_83' title='bbox 1089 1293 1176 1358; x_wconf 91' lang='lat' dir='ltr'>Cono</span> <span class='ocrx_word' id='word_1_84' title='bbox 1201 1293 1348 1357; x_wconf 87' lang='lat' dir='ltr'>Cononis.</span> 
     </span>
     <span class='ocr_line' id='line_1_11' title="bbox 172 1397 1350 1485; baseline 0.003 -24"><span class='ocrx_word' id='word_1_85' title='bbox 172 1397 207 1461; x_wconf 82' lang='lat' dir='ltr'>Si</span> <span class='ocrx_word' id='word_1_86' title='bbox 226 1404 333 1462; x_wconf 90' lang='lat' dir='ltr'>autem</span> <span class='ocrx_word' id='word_1_87' title='bbox 353 1401 437 1485; x_wconf 92' lang='lat' dir='ltr'>apud</span> <span class='ocrx_word' id='word_1_88' title='bbox 458 1400 595 1464; x_wconf 83' lang='lat' dir='ltr'>Graecos</span> <span class='ocrx_word' id='word_1_89' title='bbox 619 1401 803 1483; x_wconf 80' lang='lat' dir='ltr'>corripiunt,</span> <span class='ocrx_word' id='word_1_90' title='bbox 828 1400 939 1464; x_wconf 90' lang='lat' dir='ltr'>eadem</span> <span class='ocrx_word' id='word_1_91' title='bbox 963 1403 1109 1466; x_wconf 89' lang='lat' dir='ltr'>simihter</span> <span class='ocrx_word' id='word_1_92' title='bbox 1132 1408 1163 1465; x_wconf 90' lang='lat' dir='ltr'>et</span> <span class='ocrx_word' id='word_1_93' title='bbox 1186 1402 1269 1485; x_wconf 88' lang='lat' dir='ltr'>apud</span> <span class='ocrx_word' id='word_1_94' title='bbox 1288 1421 1350 1465; x_wconf 90' lang='lat' dir='ltr'>nos</span> 
     </span>
     <span class='ocr_line' id='line_1_12' title="bbox 173 1507 1350 1592; baseline 0.001 -23"><span class='ocrx_word' id='word_1_95' title='bbox 173 1509 319 1587; x_wconf 81' lang='grc' dir='ltr'><em>Μέμνων</em></span> <span class='ocrx_word' id='word_1_96' title='bbox 343 1512 523 1589; x_wconf 79' lang='grc' dir='ltr'><em>Μέμνονος,</em></span> <span class='ocrx_word' id='word_1_97' title='bbox 546 1528 615 1571; x_wconf 86' lang='lat' dir='ltr'>-nos</span> <span class='ocrx_word' id='word_1_98' title='bbox 637 1508 769 1571; x_wconf 91' lang='lat' dir='ltr'>Memno</span> <span class='ocrx_word' id='word_1_99' title='bbox 797 1507 1004 1572; x_wconf 90' lang='lat' dir='ltr'>Memnonis.</span> <span class='ocrx_word' id='word_1_100' title='bbox 1028 1559 1034 1572; x_wconf 92' lang='lat'>.</span> <span class='ocrx_word' id='word_1_101' title='bbox 1060 1560 1066 1573; x_wconf 91' lang='lat'>.</span> <span class='ocrx_word' id='word_1_102' title='bbox 1097 1508 1240 1592; x_wconf 91' lang='lat' dir='ltr'>Antipho</span> <span class='ocrx_word' id='word_1_103' title='bbox 1269 1527 1350 1591; x_wconf 92' lang='lat' dir='ltr'>quo-</span> 
     </span>
     <span class='ocr_line' id='line_1_13' title="bbox 173 1611 1352 1699; baseline 0.002 -24"><span class='ocrx_word' id='word_1_104' title='bbox 173 1631 236 1694; x_wconf 93' lang='lat' dir='ltr'>que</span> <span class='ocrx_word' id='word_1_105' title='bbox 263 1617 294 1676; x_wconf 90' lang='lat' dir='ltr'>et</span> <span class='ocrx_word' id='word_1_106' title='bbox 316 1611 471 1699; x_wconf 88' lang='lat' dir='ltr'>Demipho</span> <span class='ocrx_word' id='word_1_107' title='bbox 504 1615 650 1679; x_wconf 89' lang='lat' dir='ltr'>similiter</span> <span class='ocrx_word' id='word_1_108' title='bbox 683 1615 885 1679; x_wconf 89' lang='lat' dir='ltr'>declinantur</span> <span class='ocrx_word' id='word_1_109' title='bbox 913 1618 967 1697; x_wconf 87' lang='lat' dir='ltr'>(sc.</span> <span class='ocrx_word' id='word_1_110' title='bbox 996 1617 1147 1699; x_wconf 91' lang='lat' dir='ltr'>quoniam</span> <span class='ocrx_word' id='word_1_111' title='bbox 1175 1617 1211 1678; x_wconf 89' lang='lat' dir='ltr'>in</span> <span class='ocrx_word' id='word_1_112' title='bbox 1233 1614 1352 1679; x_wconf 89' lang='lat' dir='ltr'>Latina</span> 
     </span>
     <span class='ocr_line' id='line_1_14' title="bbox 172 1719 1351 1806; baseline 0.003 -25"><span class='ocrx_word' id='word_1_113' title='bbox 172 1719 343 1783; x_wconf 84' lang='lat' dir='ltr'>reformata</span> <span class='ocrx_word' id='word_1_114' title='bbox 375 1720 471 1804; x_wconf 90' lang='lat' dir='ltr'>sunt),</span> <span class='ocrx_word' id='word_1_115' title='bbox 504 1723 601 1785; x_wconf 88' lang='lat' dir='ltr'>huius</span> <span class='ocrx_word' id='word_1_116' title='bbox 624 1722 820 1805; x_wconf 89' lang='lat' dir='ltr'>Antiphonis</span> <span class='ocrx_word' id='word_1_117' title='bbox 843 1721 1065 1806; x_wconf 89' lang='lat' dir='ltr'>Demiphonis,</span> <span class='ocrx_word' id='word_1_118' title='bbox 1098 1742 1177 1804; x_wconf 89' lang='lat' dir='ltr'>non,</span> <span class='ocrx_word' id='word_1_119' title='bbox 1209 1727 1246 1785; x_wconf 95' lang='lat' dir='ltr'>ut</span> <span class='ocrx_word' id='word_1_120' title='bbox 1277 1723 1351 1805; x_wconf 91' lang='lat' dir='ltr'>qui-</span> 
     </span>
     <span class='ocr_line' id='line_1_15' title="bbox 174 1825 1349 1913; baseline 0.003 -26"><span class='ocrx_word' id='word_1_121' title='bbox 174 1825 248 1888; x_wconf 88' lang='lat' dir='ltr'>dam</span> <span class='ocrx_word' id='word_1_122' title='bbox 280 1831 408 1909; x_wconf 90' lang='lat' dir='ltr'>putant,</span> <span class='ocrx_word' id='word_1_123' title='bbox 436 1828 645 1912; x_wconf 87' lang='lat' dir='ltr'>Antiphontis</span> <span class='ocrx_word' id='word_1_124' title='bbox 673 1834 705 1892; x_wconf 91' lang='lat' dir='ltr'>et</span> <span class='ocrx_word' id='word_1_125' title='bbox 728 1827 952 1913; x_wconf 90' lang='lat' dir='ltr'>Demiphontis</span> <span class='ocrx_word' id='word_1_126' title='bbox 976 1830 1098 1893; x_wconf 82' lang='lat' dir='ltr'>Graeca</span> <span class='ocrx_word' id='word_1_127' title='bbox 1126 1830 1349 1893; x_wconf 82' lang='lat' dir='ltr'>declinatione.</span> 
     </span>
     <span class='ocr_line' id='line_1_16' title="bbox 174 1930 1351 2020; baseline 0.004 -27"><span class='ocrx_word' id='word_1_128' title='bbox 174 1930 291 1995; x_wconf 89' lang='lat' dir='ltr'>Omnia</span> <span class='ocrx_word' id='word_1_129' title='bbox 314 1935 400 1996; x_wconf 89' lang='lat' dir='ltr'>enim</span> <span class='ocrx_word' id='word_1_130' title='bbox 424 1933 559 2016; x_wconf 88' lang='lat' dir='ltr'>Graeca,</span> <span class='ocrx_word' id='word_1_131' title='bbox 584 1955 666 2019; x_wconf 89' lang='lat' dir='ltr'>quae</span> <span class='ocrx_word' id='word_1_132' title='bbox 690 1955 729 1998; x_wconf 90' lang='lat' dir='ltr'>on</span> <span class='ocrx_word' id='word_1_133' title='bbox 755 1941 887 2017; x_wconf 80' lang='lat' dir='ltr'>exeunt,</span> <span class='ocrx_word' id='word_1_134' title='bbox 918 1942 955 2000; x_wconf 92' lang='lat' dir='ltr'>ut</span> <span class='ocrx_word' id='word_1_135' title='bbox 976 1937 1144 2020; x_wconf 84' lang='lat' dir='ltr'>Antiphon</span> <span class='ocrx_word' id='word_1_136' title='bbox 1166 1934 1351 2019; x_wconf 89' lang='lat' dir='ltr'>Demiphon</span> 
     </span>
     <span class='ocr_line' id='line_1_17' title="bbox 174 2039 1351 2127; baseline 0.006 -26"><span class='ocrx_word' id='word_1_137' title='bbox 174 2040 294 2102; x_wconf 89' lang='lat' dir='ltr'>dracon</span> <span class='ocrx_word' id='word_1_138' title='bbox 323 2039 410 2121; x_wconf 90' lang='lat' dir='ltr'>leon,</span> <span class='ocrx_word' id='word_1_139' title='bbox 437 2041 561 2105; x_wconf 89' lang='lat' dir='ltr'>faciunt</span> <span class='ocrx_word' id='word_1_140' title='bbox 587 2045 774 2125; x_wconf 84' lang='lat' dir='ltr'>genetiuum</span> <span class='ocrx_word' id='word_1_141' title='bbox 804 2045 839 2106; x_wconf 89' lang='lat' dir='ltr'>in</span> <span class='ocrx_word' id='word_1_142' title='bbox 867 2045 921 2124; x_wconf 91' lang='lat' dir='ltr'>tis,</span> <span class='ocrx_word' id='word_1_143' title='bbox 950 2050 986 2106; x_wconf 94' lang='lat' dir='ltr'>ut</span> <span class='ocrx_word' id='word_1_144' title='bbox 1008 2044 1215 2127; x_wconf 83' lang='lat' dir='ltr'>Antiphontis</span> <span class='ocrx_word' id='word_1_145' title='bbox 1239 2041 1351 2108; x_wconf 63' lang='lat' dir='ltr'>Demi.</span> 
     </span>
     <span class='ocr_line' id='line_1_18' title="bbox 173 2142 1352 2234; baseline 0.002 -26"><span class='ocrx_word' id='word_1_146' title='bbox 173 2147 302 2230; x_wconf 89' lang='lat' dir='ltr'>phontis</span> <span class='ocrx_word' id='word_1_147' title='bbox 335 2146 497 2213; x_wconf 89' lang='lat' dir='ltr'>dracontis</span> <span class='ocrx_word' id='word_1_148' title='bbox 528 2149 656 2215; x_wconf 89' lang='lat' dir='ltr'>leontis:</span> <span class='ocrx_word' id='word_1_149' title='bbox 692 2144 895 2230; x_wconf 76' lang='grc' dir='ltr'><em>Ἀντιφῶντος</em></span> <span class='ocrx_word' id='word_1_150' title='bbox 923 2154 1141 2234; x_wconf 79' lang='grc' dir='ltr'><em>Δημοφῶντος</em></span> <span class='ocrx_word' id='word_1_151' title='bbox 1173 2142 1352 2234; x_wconf 81' lang='grc' dir='ltr'><em>δράκοντος</em></span> 
     </span>
     <span class='ocr_line' id='line_1_19' title="bbox 173 2254 1352 2340; baseline 0.003 -24"><span class='ocrx_word' id='word_1_152' title='bbox 173 2254 310 2331; x_wconf 79' lang='grc' dir='ltr'><em>λέοντος,</em></span> <span class='ocrx_word' id='word_1_153' title='bbox 335 2261 367 2319; x_wconf 90' lang='lat' dir='ltr'>et</span> <span class='ocrx_word' id='word_1_154' title='bbox 386 2256 502 2319; x_wconf 88' lang='lat' dir='ltr'>amissa</span> <span class='ocrx_word' id='word_1_155' title='bbox 522 2276 541 2318; x_wconf 90' lang='lat' dir='ltr'>n</span> <span class='ocrx_word' id='word_1_156' title='bbox 562 2257 668 2321; x_wconf 89' lang='lat' dir='ltr'>httera</span> <span class='ocrx_word' id='word_1_157' title='bbox 685 2257 798 2320; x_wconf 91' lang='lat' dir='ltr'>Latina</span> <span class='ocrx_word' id='word_1_158' title='bbox 815 2257 997 2321; x_wconf 87' lang='lat' dir='ltr'>redduntur</span> <span class='ocrx_word' id='word_1_159' title='bbox 1021 2263 1060 2338; x_wconf 89' lang='lat' dir='ltr'>et,</span> <span class='ocrx_word' id='word_1_160' title='bbox 1081 2263 1116 2321; x_wconf 93' lang='lat' dir='ltr'>ut</span> <span class='ocrx_word' id='word_1_161' title='bbox 1139 2262 1269 2340; x_wconf 92' lang='lat' dir='ltr'>oportet,</span> <span class='ocrx_word' id='word_1_162' title='bbox 1294 2257 1352 2319; x_wconf 90' lang='lat' dir='ltr'>de-</span> 
     </span>
    </p>
   </div>
   <div class='ocr_carea' id='block_1_3' title="bbox 174 2361 1457 2449">
    <p class='ocr_par' dir='ltr' id='par_1_3' title="bbox 174 2361 1457 2449">
     <span class='ocr_line' id='line_1_20' title="bbox 174 2361 1457 2449; baseline -0.003 -25"><span class='ocrx_word' id='word_1_163' title='bbox 174 2362 336 2425; x_wconf 89' lang='lat' dir='ltr'>clinantur</span> <span class='ocrx_word' id='word_1_164' title='bbox 353 2361 474 2445; x_wconf 88' lang='lat' dir='ltr'>Latine,</span> <span class='ocrx_word' id='word_1_165' title='bbox 498 2370 535 2427; x_wconf 94' lang='lat' dir='ltr'>ut</span> <span class='ocrx_word' id='word_1_166' title='bbox 553 2365 695 2449; x_wconf 92' lang='lat' dir='ltr'>Antipho</span> <span class='ocrx_word' id='word_1_167' title='bbox 714 2363 873 2448; x_wconf 86' lang='lat' dir='ltr'>Demipho</span> <span class='ocrx_word' id='word_1_168' title='bbox 898 2365 993 2428; x_wconf 89' lang='lat' dir='ltr'>draco</span> <span class='ocrx_word' id='word_1_169' title='bbox 1011 2366 1061 2427; x_wconf 93' lang='lat' dir='ltr'>leo</span> <span class='ocrx_word' id='word_1_170' title='bbox 1086 2370 1117 2428; x_wconf 90' lang='lat' dir='ltr'>et</span> <span class='ocrx_word' id='word_1_171' title='bbox 1138 2364 1261 2427; x_wconf 81' lang='lat' dir='ltr'>faciunt</span> <span class='ocrx_word' id='word_1_172' title='bbox 1278 2363 1351 2425; x_wconf 90' lang='lat' dir='ltr'>An·</span> <span class='ocrx_word' id='word_1_173' title='bbox 1456 2416 1457 2420; x_wconf 75' lang='grc'>,</span> 
     </span>
    </p>
   </div>
   <div class='ocr_carea' id='block_1_4' title="bbox 173 2463 1354 2661">
    <p class='ocr_par' dir='ltr' id='par_1_4' title="bbox 173 2463 1354 2661">
     <span class='ocr_line' id='line_1_21' title="bbox 173 2463 865 2555; baseline 0.006 -23"><span class='ocrx_word' id='word_1_174' title='bbox 173 2469 314 2552; x_wconf 87' lang='lat' dir='ltr'>tiphonis</span> <span class='ocrx_word' id='word_1_175' title='bbox 337 2468 547 2555; x_wconf 88' lang='lat' dir='ltr'>Demiphonis</span> <span class='ocrx_word' id='word_1_176' title='bbox 572 2472 718 2535; x_wconf 85' lang='lat' dir='ltr'>draconis</span> <span class='ocrx_word' id='word_1_177' title='bbox 740 2463 865 2536; x_wconf 84' lang='lat' dir='ltr'>leonis&#39;.</span> 
     </span>
     <span class='ocr_line' id='line_1_22' title="bbox 264 2571 1354 2661; baseline 0 -20"><span class='ocrx_word' id='word_1_178' title='bbox 264 2576 371 2653; x_wconf 79' lang='lat' dir='ltr'>Quint.</span> <span class='ocrx_word' id='word_1_179' title='bbox 398 2580 430 2651; x_wconf 86' lang='lat'>1,</span> <span class='ocrx_word' id='word_1_180' title='bbox 455 2581 484 2657; x_wconf 80' lang='lat'>5,</span> <span class='ocrx_word' id='word_1_181' title='bbox 502 2580 560 2640; x_wconf 84' lang='lat'>61:</span> <span class='ocrx_word' id='word_1_182' title='bbox 589 2571 655 2641; x_wconf 87' lang='lat' dir='ltr'>‘Ne</span> <span class='ocrx_word' id='word_1_183' title='bbox 684 2580 720 2640; x_wconf 92' lang='lat' dir='ltr'>in</span> <span class='ocrx_word' id='word_1_184' title='bbox 747 2599 766 2640; x_wconf 94' lang='lat' dir='ltr'>a</span> <span class='ocrx_word' id='word_1_185' title='bbox 794 2577 924 2661; x_wconf 92' lang='lat' dir='ltr'>quidem</span> <span class='ocrx_word' id='word_1_186' title='bbox 952 2582 1048 2660; x_wconf 89' lang='lat' dir='ltr'>atque</span> <span class='ocrx_word' id='word_1_187' title='bbox 1077 2598 1092 2641; x_wconf 92' lang='lat' dir='ltr'>s</span> <span class='ocrx_word' id='word_1_188' title='bbox 1114 2578 1236 2642; x_wconf 88' lang='lat' dir='ltr'>litteras</span> <span class='ocrx_word' id='word_1_189' title='bbox 1260 2579 1354 2641; x_wconf 82' lang='lat' dir='ltr'>exire</span> 
     </span>
    </p>
   </div>
   <div class='ocr_carea' id='block_1_5' title="bbox 173 2685 1354 4372">
    <p class='ocr_par' dir='ltr' id='par_1_5' title="bbox 173 2685 1354 3090">
     <span class='ocr_line' id='line_1_23' title="bbox 173 2685 1353 2767; baseline 0 -20"><span class='ocrx_word' id='word_1_190' title='bbox 173 2689 293 2748; x_wconf 88' lang='lat' dir='ltr'>temere</span> <span class='ocrx_word' id='word_1_191' title='bbox 316 2685 493 2747; x_wconf 89' lang='lat' dir='ltr'>masculina</span> <span class='ocrx_word' id='word_1_192' title='bbox 516 2703 630 2767; x_wconf 82' lang='lat' dir='ltr'>graeca</span> <span class='ocrx_word' id='word_1_193' title='bbox 648 2686 778 2748; x_wconf 89' lang='lat' dir='ltr'>nomina</span> <span class='ocrx_word' id='word_1_194' title='bbox 800 2689 886 2748; x_wconf 91' lang='lat' dir='ltr'>recto</span> <span class='ocrx_word' id='word_1_195' title='bbox 906 2704 983 2747; x_wconf 88' lang='lat' dir='ltr'>casu</span> <span class='ocrx_word' id='word_1_196' title='bbox 1002 2685 1207 2767; x_wconf 89' lang='lat' dir='ltr'>patiebantur</span> <span class='ocrx_word' id='word_1_197' title='bbox 1307 2704 1353 2748; x_wconf 92' lang='lat' dir='ltr'>ne</span> 
     </span>
     <span class='ocr_line' id='line_1_24' title="bbox 173 2784 1353 2875; baseline 0.003 -23"><span class='ocrx_word' id='word_1_198' title='bbox 173 2793 341 2872; x_wconf 84' lang='lat' dir='ltr'>miremur,</span> <span class='ocrx_word' id='word_1_199' title='bbox 372 2790 458 2875; x_wconf 91' lang='lat' dir='ltr'>quod</span> <span class='ocrx_word' id='word_1_200' title='bbox 482 2790 520 2853; x_wconf 93' lang='lat' dir='ltr'>ab</span> <span class='ocrx_word' id='word_1_201' title='bbox 544 2794 751 2874; x_wconf 90' lang='lat' dir='ltr'>antiquorum</span> <span class='ocrx_word' id='word_1_202' title='bbox 774 2792 936 2875; x_wconf 87' lang='lat' dir='ltr'>plerisque</span> <span class='ocrx_word' id='word_1_203' title='bbox 959 2784 1095 2855; x_wconf 80' lang='lat' dir='ltr'>‘Aenea&#39;</span> <span class='ocrx_word' id='word_1_204' title='bbox 1119 2798 1156 2855; x_wconf 95' lang='lat' dir='ltr'>ut</span> <span class='ocrx_word' id='word_1_205' title='bbox 1178 2786 1353 2855; x_wconf 79' lang='lat' dir='ltr'>‘Anchisa&#39;</span> 
     </span>
     <span class='ocr_line' id='line_1_25' title="bbox 174 2893 1353 2983; baseline 0 -22"><span class='ocrx_word' id='word_1_206' title='bbox 174 2901 216 2962; x_wconf 90' lang='lat' dir='ltr'>sit</span> <span class='ocrx_word' id='word_1_207' title='bbox 240 2899 353 2962; x_wconf 89' lang='lat' dir='ltr'>dictus.</span> <span class='ocrx_word' id='word_1_208' title='bbox 399 2897 483 2960; x_wconf 91' lang='lat' dir='ltr'>Nam</span> <span class='ocrx_word' id='word_1_209' title='bbox 513 2900 539 2961; x_wconf 91' lang='lat' dir='ltr'>si</span> <span class='ocrx_word' id='word_1_210' title='bbox 570 2905 607 2962; x_wconf 95' lang='lat' dir='ltr'>ut</span> <span class='ocrx_word' id='word_1_211' title='bbox 628 2893 812 2963; x_wconf 82' lang='lat' dir='ltr'>‘Maecenas</span> <span class='ocrx_word' id='word_1_212' title='bbox 835 2898 981 2962; x_wconf 82' lang='lat' dir='ltr'>Suffenas</span> <span class='ocrx_word' id='word_1_213' title='bbox 1003 2893 1181 2983; x_wconf 79' lang='lat' dir='ltr'>Asprenas&#39;</span> <span class='ocrx_word' id='word_1_214' title='bbox 1206 2899 1353 2962; x_wconf 89' lang='lat' dir='ltr'>diceren-</span> 
     </span>
     <span class='ocr_line' id='line_1_26' title="bbox 174 3001 1354 3090; baseline 0 -22"><span class='ocrx_word' id='word_1_215' title='bbox 174 3010 235 3087; x_wconf 89' lang='lat' dir='ltr'>tur,</span> <span class='ocrx_word' id='word_1_216' title='bbox 258 3008 408 3090; x_wconf 83' lang='lat' dir='ltr'>genetiuo</span> <span class='ocrx_word' id='word_1_217' title='bbox 434 3026 511 3071; x_wconf 90' lang='lat' dir='ltr'>casu</span> <span class='ocrx_word' id='word_1_218' title='bbox 533 3026 599 3070; x_wconf 91' lang='lat' dir='ltr'>non</span> <span class='ocrx_word' id='word_1_219' title='bbox 624 3026 641 3071; x_wconf 92' lang='lat' dir='ltr'>e</span> <span class='ocrx_word' id='word_1_220' title='bbox 664 3007 777 3088; x_wconf 88' lang='lat' dir='ltr'>littera,</span> <span class='ocrx_word' id='word_1_221' title='bbox 801 3006 856 3069; x_wconf 89' lang='lat' dir='ltr'>sed</span> <span class='ocrx_word' id='word_1_222' title='bbox 879 3008 919 3069; x_wconf 88' lang='lat' dir='ltr'>tis</span> <span class='ocrx_word' id='word_1_223' title='bbox 938 3006 1061 3086; x_wconf 85' lang='lat' dir='ltr'>syllaba</span> <span class='ocrx_word' id='word_1_224' title='bbox 1080 3001 1354 3071; x_wconf 69' lang='lat' dir='ltr'>terminarentur.²</span> 
     </span>
    </p>

    <p class='ocr_par' dir='ltr' id='par_1_6' title="bbox 173 3108 1353 4372">
     <span class='ocr_line' id='line_1_27' title="bbox 265 3108 1353 3196; baseline 0.002 -22"><span class='ocrx_word' id='word_1_225' title='bbox 265 3110 384 3177; x_wconf 88' lang='lat' dir='ltr'>Charis.</span> <span class='ocrx_word' id='word_1_226' title='bbox 409 3135 438 3196; x_wconf 92' lang='lat' dir='ltr'>p.</span> <span class='ocrx_word' id='word_1_227' title='bbox 464 3117 584 3195; x_wconf 85' lang='lat'>67,11:</span> <span class='ocrx_word' id='word_1_228' title='bbox 613 3108 713 3177; x_wconf 85' lang='lat' dir='ltr'>‘Nam</span> <span class='ocrx_word' id='word_1_229' title='bbox 741 3114 920 3176; x_wconf 88' lang='lat' dir='ltr'>masculina</span> <span class='ocrx_word' id='word_1_230' title='bbox 949 3113 1045 3176; x_wconf 92' lang='lat' dir='ltr'>modo</span> <span class='ocrx_word' id='word_1_231' title='bbox 1074 3133 1107 3176; x_wconf 90' lang='lat' dir='ltr'>es</span> <span class='ocrx_word' id='word_1_232' title='bbox 1130 3114 1225 3177; x_wconf 90' lang='lat' dir='ltr'>modo</span> <span class='ocrx_word' id='word_1_233' title='bbox 1249 3135 1268 3176; x_wconf 91' lang='lat' dir='ltr'>a</span> <span class='ocrx_word' id='word_1_234' title='bbox 1291 3133 1353 3176; x_wconf 90' lang='lat' dir='ltr'>no-</span> 
     </span>
     <span class='ocr_line' id='line_1_28' title="bbox 173 3221 1352 3303; baseline 0.001 -21"><span class='ocrx_word' id='word_1_235' title='bbox 173 3221 331 3282; x_wconf 91' lang='lat' dir='ltr'>minatiuo</span> <span class='ocrx_word' id='word_1_236' title='bbox 356 3240 433 3282; x_wconf 87' lang='lat' dir='ltr'>casu</span> <span class='ocrx_word' id='word_1_237' title='bbox 455 3226 581 3283; x_wconf 89' lang='lat' dir='ltr'>ueteres</span> <span class='ocrx_word' id='word_1_238' title='bbox 605 3223 870 3299; x_wconf 85' lang='lat' dir='ltr'>terminauerunt,</span> <span class='ocrx_word' id='word_1_239' title='bbox 899 3221 990 3283; x_wconf 90' lang='lat' dir='ltr'>uelut</span> <span class='ocrx_word' id='word_1_240' title='bbox 1012 3221 1172 3283; x_wconf 87' lang='lat' dir='ltr'>Anchises</span> <span class='ocrx_word' id='word_1_241' title='bbox 1197 3221 1352 3303; x_wconf 76' lang='lat' dir='ltr'>Anchisa,</span> 
     </span>
     <span class='ocr_line' id='line_1_29' title="bbox 176 3319 1353 3410; baseline 0.003 -23"><span class='ocrx_word' id='word_1_242' title='bbox 176 3324 314 3406; x_wconf 89' lang='lat' dir='ltr'>Chryses</span> <span class='ocrx_word' id='word_1_243' title='bbox 343 3321 493 3406; x_wconf 78' lang='lat' dir='ltr'>Chrysa&#39;3</span> <span class='ocrx_word' id='word_1_244' title='bbox 523 3333 555 3390; x_wconf 91' lang='lat' dir='ltr'>et</span> <span class='ocrx_word' id='word_1_245' title='bbox 582 3348 610 3410; x_wconf 96' lang='lat' dir='ltr'>p.</span> <span class='ocrx_word' id='word_1_246' title='bbox 636 3329 756 3407; x_wconf 84' lang='lat'>66,11:</span> <span class='ocrx_word' id='word_1_247' title='bbox 777 3319 837 3388; x_wconf 82' lang='lat' dir='ltr'>‘As</span> <span class='ocrx_word' id='word_1_248' title='bbox 860 3326 915 3409; x_wconf 89' lang='lat' dir='ltr'>(sc.</span> <span class='ocrx_word' id='word_1_249' title='bbox 940 3324 1077 3410; x_wconf 84' lang='lat' dir='ltr'>syllaba)</span> <span class='ocrx_word' id='word_1_250' title='bbox 1101 3329 1270 3390; x_wconf 89' lang='lat' dir='ltr'>terminata</span> <span class='ocrx_word' id='word_1_251' title='bbox 1293 3347 1353 3390; x_wconf 91' lang='lat' dir='ltr'>no-</span> 
     </span>
     <span class='ocr_line' id='line_1_30' title="bbox 173 3433 1352 3517; baseline 0.003 -23"><span class='ocrx_word' id='word_1_252' title='bbox 173 3435 262 3495; x_wconf 91' lang='lat' dir='ltr'>mina</span> <span class='ocrx_word' id='word_1_253' title='bbox 285 3451 362 3494; x_wconf 92' lang='lat' dir='ltr'>casu</span> <span class='ocrx_word' id='word_1_254' title='bbox 385 3434 585 3496; x_wconf 90' lang='lat' dir='ltr'>nominatiuo</span> <span class='ocrx_word' id='word_1_255' title='bbox 608 3434 643 3495; x_wconf 89' lang='lat' dir='ltr'>in</span> <span class='ocrx_word' id='word_1_256' title='bbox 666 3434 815 3517; x_wconf 82' lang='lat' dir='ltr'>genetiuo</span> <span class='ocrx_word' id='word_1_257' title='bbox 840 3439 1002 3498; x_wconf 88' lang='lat' dir='ltr'>crescente</span> <span class='ocrx_word' id='word_1_258' title='bbox 1031 3434 1059 3494; x_wconf 90' lang='lat' dir='ltr'>is</span> <span class='ocrx_word' id='word_1_259' title='bbox 1083 3433 1206 3513; x_wconf 89' lang='lat' dir='ltr'>syllaba</span> <span class='ocrx_word' id='word_1_260' title='bbox 1229 3434 1352 3497; x_wconf 88' lang='lat' dir='ltr'>finiun-</span> 
     </span>
     <span class='ocr_line' id='line_1_31' title="bbox 174 3537 1352 3622; baseline 0.004 -21"><span class='ocrx_word' id='word_1_261' title='bbox 174 3546 240 3619; x_wconf 87' lang='lat' dir='ltr'>tur,</span> <span class='ocrx_word' id='word_1_262' title='bbox 264 3543 301 3601; x_wconf 92' lang='lat' dir='ltr'>ut</span> <span class='ocrx_word' id='word_1_263' title='bbox 323 3537 490 3603; x_wconf 85' lang='lat' dir='ltr'>Maecenas</span> <span class='ocrx_word' id='word_1_264' title='bbox 514 3539 721 3621; x_wconf 87' lang='lat' dir='ltr'>Maecenatis,</span> <span class='ocrx_word' id='word_1_265' title='bbox 749 3541 915 3622; x_wconf 90' lang='lat' dir='ltr'>Asprenas</span> <span class='ocrx_word' id='word_1_266' title='bbox 937 3539 1195 3622; x_wconf 85' lang='lat' dir='ltr'>Asprenatis...</span> <span class='ocrx_word' id='word_1_267' title='bbox 1236 3540 1298 3604; x_wconf 81' lang='lat' dir='ltr'>Sed</span> <span class='ocrx_word' id='word_1_268' title='bbox 1322 3545 1352 3606; x_wconf 88' lang='lat' dir='ltr'>si</span> 
     </span>
     <span class='ocr_line' id='line_1_32' title="bbox 175 3646 1351 3731; baseline 0.003 -22"><span class='ocrx_word' id='word_1_269' title='bbox 175 3648 240 3709; x_wconf 90' lang='lat' dir='ltr'>sint</span> <span class='ocrx_word' id='word_1_270' title='bbox 271 3647 450 3729; x_wconf 82' lang='lat' dir='ltr'>peregrina,</span> <span class='ocrx_word' id='word_1_271' title='bbox 483 3648 633 3731; x_wconf 84' lang='lat' dir='ltr'>genetiuo</span> <span class='ocrx_word' id='word_1_272' title='bbox 665 3667 740 3711; x_wconf 92' lang='lat' dir='ltr'>casu</span> <span class='ocrx_word' id='word_1_273' title='bbox 763 3649 797 3709; x_wconf 91' lang='lat' dir='ltr'>in</span> <span class='ocrx_word' id='word_1_274' title='bbox 821 3666 858 3709; x_wconf 92' lang='lat' dir='ltr'>ae</span> <span class='ocrx_word' id='word_1_275' title='bbox 882 3646 1043 3726; x_wconf 89' lang='lat' dir='ltr'>deficient,</span> <span class='ocrx_word' id='word_1_276' title='bbox 1074 3652 1110 3709; x_wconf 89' lang='lat' dir='ltr'>ut</span> <span class='ocrx_word' id='word_1_277' title='bbox 1132 3647 1261 3712; x_wconf 88' lang='lat' dir='ltr'>Aeneas</span> <span class='ocrx_word' id='word_1_278' title='bbox 1284 3649 1351 3713; x_wconf 90' lang='lat' dir='ltr'>Ae-</span> 
     </span>
     <span class='ocr_line' id='line_1_33' title="bbox 173 3746 1350 3836; baseline 0.003 -21"><span class='ocrx_word' id='word_1_279' title='bbox 173 3773 268 3817; x_wconf 88' lang='lat' dir='ltr'>neae.</span> <span class='ocrx_word' id='word_1_280' title='bbox 286 3803 291 3815; x_wconf 94' lang='lat'>.</span> <span class='ocrx_word' id='word_1_281' title='bbox 308 3802 332 3833; x_wconf 89' lang='lat'>.,</span> <span class='ocrx_word' id='word_1_282' title='bbox 357 3755 507 3836; x_wconf 87' lang='lat' dir='ltr'>quamuis</span> <span class='ocrx_word' id='word_1_283' title='bbox 527 3758 650 3817; x_wconf 90' lang='lat' dir='ltr'>ueteres</span> <span class='ocrx_word' id='word_1_284' title='bbox 667 3746 737 3816; x_wconf 76' lang='lat' dir='ltr'>‘hic</span> <span class='ocrx_word' id='word_1_285' title='bbox 757 3748 882 3816; x_wconf 80' lang='lat' dir='ltr'>Aenea&#39;</span> <span class='ocrx_word' id='word_1_286' title='bbox 902 3753 1044 3816; x_wconf 83' lang='lat' dir='ltr'>dixerint</span> <span class='ocrx_word' id='word_1_287' title='bbox 1063 3754 1133 3816; x_wconf 88' lang='lat' dir='ltr'>sine</span> <span class='ocrx_word' id='word_1_288' title='bbox 1152 3773 1175 3834; x_wconf 90' lang='lat' dir='ltr'>s,</span> <span class='ocrx_word' id='word_1_289' title='bbox 1194 3759 1231 3817; x_wconf 91' lang='lat' dir='ltr'>ut</span> <span class='ocrx_word' id='word_1_290' title='bbox 1245 3756 1350 3820; x_wconf 87' lang='lat' dir='ltr'>Varro</span> 
     </span>
     <span class='ocr_line' id='line_1_34' title="bbox 173 3859 1351 3944; baseline 0.003 -22"><span class='ocrx_word' id='word_1_291' title='bbox 173 3863 209 3923; x_wconf 90' lang='lat' dir='ltr'>in</span> <span class='ocrx_word' id='word_1_292' title='bbox 226 3861 299 3942; x_wconf 85' lang='lat' dir='ltr'>Age</span> <span class='ocrx_word' id='word_1_293' title='bbox 321 3861 433 3924; x_wconf 91' lang='lat' dir='ltr'>modo.</span> <span class='ocrx_word' id='word_1_294' title='bbox 455 3911 460 3922; x_wconf 96' lang='lat'><em>.</em></span> <span class='ocrx_word' id='word_1_295' title='bbox 481 3910 487 3923; x_wconf 87' lang='lat'><strong>.</strong></span> <span class='ocrx_word' id='word_1_296' title='bbox 529 3860 745 3924; x_wconf 90' lang='lat' dir='ltr'>Inueniuntur</span> <span class='ocrx_word' id='word_1_297' title='bbox 762 3865 868 3922; x_wconf 91' lang='lat' dir='ltr'>tamen</span> <span class='ocrx_word' id='word_1_298' title='bbox 889 3859 1045 3942; x_wconf 88' lang='lat' dir='ltr'>quaedam</span> <span class='ocrx_word' id='word_1_299' title='bbox 1063 3862 1240 3943; x_wconf 83' lang='lat' dir='ltr'>peregrina,</span> <span class='ocrx_word' id='word_1_300' title='bbox 1266 3883 1351 3944; x_wconf 85' lang='lat' dir='ltr'>quae</span> 
     </span>
     <span class='ocr_line' id='line_1_35' title="bbox 174 3964 1350 4048; baseline 0.002 -18"><span class='ocrx_word' id='word_1_301' title='bbox 174 3988 249 4031; x_wconf 92' lang='lat' dir='ltr'>cum</span> <span class='ocrx_word' id='word_1_302' title='bbox 277 3969 472 4031; x_wconf 89' lang='lat' dir='ltr'>incremento</span> <span class='ocrx_word' id='word_1_303' title='bbox 503 3966 646 4048; x_wconf 89' lang='lat' dir='ltr'>syllabae</span> <span class='ocrx_word' id='word_1_304' title='bbox 678 3968 895 4047; x_wconf 91' lang='lat' dir='ltr'>declinantur,</span> <span class='ocrx_word' id='word_1_305' title='bbox 923 3971 960 4028; x_wconf 95' lang='lat' dir='ltr'>ut</span> <span class='ocrx_word' id='word_1_306' title='bbox 983 3964 1194 4031; x_wconf 91' lang='lat' dir='ltr'>Calchas...</span> <span class='ocrx_word' id='word_1_307' title='bbox 1227 3969 1350 4033; x_wconf 87' lang='lat' dir='ltr'>faciunt</span> 
     </span>
     <span class='ocr_line' id='line_1_36' title="bbox 174 4072 1350 4156; baseline 0.001 -18"><span class='ocrx_word' id='word_1_308' title='bbox 174 4077 260 4139; x_wconf 89' lang='lat' dir='ltr'>enim</span> <span class='ocrx_word' id='word_1_309' title='bbox 286 4073 544 4137; x_wconf 89' lang='lat' dir='ltr'>Calchantis...</span> <span class='ocrx_word' id='word_1_310' title='bbox 578 4078 724 4156; x_wconf 90' lang='lat' dir='ltr'>quamuis</span> <span class='ocrx_word' id='word_1_311' title='bbox 748 4075 886 4155; x_wconf 90' lang='lat' dir='ltr'>antiqui,</span> <span class='ocrx_word' id='word_1_312' title='bbox 910 4078 947 4137; x_wconf 91' lang='lat' dir='ltr'>ut</span> <span class='ocrx_word' id='word_1_313' title='bbox 969 4072 1134 4138; x_wconf 90' lang='lat' dir='ltr'>Pacuuius</span> <span class='ocrx_word' id='word_1_314' title='bbox 1158 4080 1189 4138; x_wconf 89' lang='lat' dir='ltr'>et</span> <span class='ocrx_word' id='word_1_315' title='bbox 1211 4075 1350 4139; x_wconf 92' lang='lat' dir='ltr'>Plautus</span> 
     </span>
     <span class='ocr_line' id='line_1_37' title="bbox 176 4180 1349 4265; baseline 0.001 -21"><span class='ocrx_word' id='word_1_316' title='bbox 176 4181 324 4245; x_wconf 88' lang='lat' dir='ltr'>Calcham</span> <span class='ocrx_word' id='word_1_317' title='bbox 345 4182 461 4262; x_wconf 89' lang='lat' dir='ltr'>dicant,</span> <span class='ocrx_word' id='word_1_318' title='bbox 485 4201 551 4244; x_wconf 93' lang='lat' dir='ltr'>non</span> <span class='ocrx_word' id='word_1_319' title='bbox 570 4180 774 4244; x_wconf 83' lang='lat' dir='ltr'>Calchantem</span> <span class='ocrx_word' id='word_1_320' title='bbox 793 4232 800 4243; x_wconf 89' lang='lat'><strong>.</strong></span> <span class='ocrx_word' id='word_1_321' title='bbox 820 4230 826 4243; x_wconf 92' lang='lat'>.</span> <span class='ocrx_word' id='word_1_322' title='bbox 847 4230 853 4243; x_wconf 87' lang='lat'><strong>.</strong></span> <span class='ocrx_word' id='word_1_323' title='bbox 893 4180 980 4244; x_wconf 79' lang='lat' dir='ltr'>Solet</span> <span class='ocrx_word' id='word_1_324' title='bbox 998 4183 1110 4245; x_wconf 88' lang='lat' dir='ltr'>uenire</span> <span class='ocrx_word' id='word_1_325' title='bbox 1129 4183 1164 4243; x_wconf 87' lang='lat' dir='ltr'>in</span> <span class='ocrx_word' id='word_1_326' title='bbox 1189 4184 1349 4265; x_wconf 90' lang='lat' dir='ltr'>quaestio-</span> 
     </span>
     <span class='ocr_line' id='line_1_38' title="bbox 174 4287 1347 4372; baseline 0.001 -21"><span class='ocrx_word' id='word_1_327' title='bbox 174 4309 258 4369; x_wconf 91' lang='lat' dir='ltr'>nem,</span> <span class='ocrx_word' id='word_1_328' title='bbox 276 4308 375 4372; x_wconf 89' lang='lat' dir='ltr'>quare</span> <span class='ocrx_word' id='word_1_329' title='bbox 390 4289 517 4352; x_wconf 87' lang='lat' dir='ltr'>Aeneas</span> <span class='ocrx_word' id='word_1_330' title='bbox 530 4291 669 4371; x_wconf 89' lang='lat' dir='ltr'>Aeneae,</span> <span class='ocrx_word' id='word_1_331' title='bbox 684 4289 851 4352; x_wconf 90' lang='lat' dir='ltr'>Maecenas</span> <span class='ocrx_word' id='word_1_332' title='bbox 861 4287 1064 4369; x_wconf 89' lang='lat' dir='ltr'>Maecenatis,</span> <span class='ocrx_word' id='word_1_333' title='bbox 1078 4288 1179 4352; x_wconf 79' lang='lat' dir='ltr'>Thoas</span> <span class='ocrx_word' id='word_1_334' title='bbox 1188 4289 1347 4353; x_wconf 79' lang='lat' dir='ltr'>Thoantis.</span> 
     </span>
    </p>
   </div>
   <div class='ocr_carea' id='block_1_6' title="bbox 0 0 1536 4958">
    <p class='ocr_par' dir='ltr' id='par_1_7' title="bbox 0 0 1536 4958">
     <span class='ocr_line' id='line_1_39' title="bbox 0 0 1536 4958; baseline 0 0"><span class='ocrx_word' id='word_1_335' title='bbox 0 0 1536 4958; x_wconf 95' lang='lat' dir='ltr'> </span> 
     </span>
    </p>
   </div>
  </div>
 </body>
</html>
