3052 4958
585 482 880 576 ¹-ae--

172 715 252 758 num
276 694 518 757 terminationes
543 691 718 773 descripsit.
764 689 934 753 Praeterea
956 711 985 774 p.
1006 694 1092 772 47,4
1116 690 1261 753 doctrina
1285 710 1354 753 cor-

171 807 266 885 rupta
299 807 364 864 est:
406 793 507 862 ‘Item
543 798 599 861 illa
630 816 687 881 per
718 799 731 859 i
763 797 901 860 litteram
935 797 1081 861 datiuum
1114 801 1144 860 et
1177 797 1353 859 ablatiuum

172 908 305 988 habent,
333 925 414 989 qnae
438 910 515 969 sunt
537 907 597 968 hoc
621 905 730 967 eodem
755 904 837 966 libro
861 923 959 986 supra
983 909 1129 987 excepta,
1160 922 1241 986 quae
1263 905 1354 966 incu-

173 1001 314 1078 satiuum
339 1015 462 1098 parim
485 1003 701 1075 faciunt...²
747 1009 830 1073 Nam
852 1002 1028 1073 ‘datiuum'
1052 1010 1261 1074 subditicinm
1286 1029 1354 1073 esse
1437 1080 1438 1088 ,
1466 1034 1470 1041 ·

174 1141 269 1184 nemo
292 1141 355 1186 non
380 1121 491 1197 sentit;
523 1138 557 1182 re
581 1137 658 1181 uera
682 1122 849 1201 excerptor
875 1138 904 1200 p.
930 1120 1004 1199 545,
1020 1118 1062 1179 22
1090 1111 1264 1180 ‘datiuum'
1288 1137 1354 1179 non

175 1229 320 1313 praebet:
353 1221 449 1290 ‘Item
477 1227 533 1288 illa
556 1216 611 1308 per
633 1227 645 1287 i
667 1225 806 1288 litteram
837 1224 1013 1287 abiaticum
1037 1224 1168 1305 habent,
1198 1243 1280 1307 quae
1304 1244 1354 1287 ac-

176 1338 357 1399 cusatiuum
389 1352 446 1416 per
477 1334 522 1395 im
546 1383 551 1394 .
573 1382 578 1394 .
601 1383 621 1414 .,
649 1351 731 1414 qnae
763 1331 823 1394 hoc
854 1331 934 1394 libro
963 1323 1168 1413 excepimus'
1208 1352 1237 1414 p.
1262 1332 1354 1408 43,6

176 1443 290 1506 deinde
323 1439 504 1522 corruptela
535 1440 702 1502 inuenitur
734 1439 905 1501 eiusmodi:
936 1431 1066 1500 ‘Omnia
1097 1439 1229 1501 nomina
1260 1440 1292 1500 in
1326 1440 1354 1500 is

172 1551 288 1613 litteris
311 1548 494 1622 terminata,
525 1565 606 1628 qnae
631 1546 739 1608 datico
763 1547 775 1607 i
798 1547 949 1627 exierint,
979 1564 1109 1626 necesse
1133 1550 1179 1608 est
1204 1547 1354 1627 genetiuo

174 1664 206 1722 et
224 1657 409 1721 accusatius
434 1657 508 1716 ante
527 1653 672 1715 ultimam
692 1654 702 1714 i
722 1654 886 1735 recipiant,
906 1658 943 1715 ut
962 1654 1095 1735 agrestis
1114 1654 1305 1734 agrestium.
1319 1645 1354 1715 ..²

172 1754 362 1828 ‘Datinum'
385 1780 443 1843 pro
468 1760 608 1823 ablatiuo
631 1761 769 1843 positum
792 1779 861 1822 esse
881 1779 954 1823 cum
974 1779 1118 1823 ererum
1137 1778 1264 1822 conexu
1284 1764 1352 1821 turn

176 1891 217 1934 ex
241 1870 399 1951 excerptis
421 1889 450 1953 p.
475 1869 584 1948 aaut
609 1868 839 1949 cognoscimus,
867 1866 923 1929 ubi
946 1868 1023 1930 haec
1047 1870 1190 1930 exstant:
1225 1859 1355 1928 tOmnia

175 1978 315 2057 nomina,
340 1995 423 2060 quae
448 1975 604 2057 singulari
628 1973 767 2037 ablatiuo
790 1976 823 2035 in
846 1975 859 2036 i
882 1975 1019 2037 litteram
1044 1975 1176 2054 cadunt,
1199 1975 1278 2037 haec
1302 1973 1355 2037 ad-

176 2085 242 2146 dita
273 2103 328 2146 um
361 2083 486 2164 syllaba
517 2082 639 2144 faciunt
673 2082 859 2163 genetiuum
896 2082 1063 2164 pluralem,
1101 2082 1192 2144 uelut
1223 2081 1262 2143 ab
1295 2082 1356 2143 hoe

175 2193 275 2268 omni,
309 2192 425 2253 horum
457 2181 622 2252 omnium.³
675 2187 768 2262 Quod
801 2194 937 2271 uterque
968 2191 1196 2271 grammaticus
1227 2189 1356 2251 diuersa

175 2298 322 2379 exempla
358 2297 519 2378 exhibuit,
557 2315 630 2358 eum
668 2314 734 2357 non
771 2295 920 2372 offendet,
959 2297 1016 2377 qui
1053 2296 1215 2378 complura
1247 2295 1355 2357 ubiuis

177 2403 323 2485 exempla
348 2423 366 2464 a
389 2405 583 2468 Palaemone
611 2402 717 2464 adlata
746 2421 814 2464 esse
843 2402 1111 2466 animaduerterit.
1159 2401 1220 2464 Sed
1246 2401 1354 2464 Chari-

176 2511 244 2572 sius
267 2509 457 2592 doctrinam,
487 2531 561 2574 curn
586 2529 668 2592 quae
692 2514 881 2591 sequuntur,
911 2511 1102 2592 oppresserit
1123 2510 1184 2570 hoc
1206 2508 1275 2570 loco
1301 2509 1354 2571 de-

112 2688 115 2694 ,
176 2617 333 2700 prauauit.
388 2615 497 2699 Pergit
538 2618 624 2680 enim
666 2622 832 2699 excerptor
869 2616 997 2679 docere:
1039 2609 1203 2679 ‘Ablatiuo
1245 2621 1354 2678 autern

176 2725 333 2807 singulari
356 2742 394 2786 ea
418 2723 546 2787 demum
568 2726 602 2785 in
626 2725 637 2785 i
660 2725 798 2786 litteram
824 2722 951 2805 cadunt,
976 2742 1058 2806 quae
1077 2725 1259 2786 communia
1278 2730 1355 2787 sunt

174 2833 272 2894 trium
298 2849 467 2916 generum,
496 2838 533 2893 ut
559 2832 638 2894 felix
665 2831 750 2893 felici
777 2830 998 2896 felicium...
1044 2829 1149 2893 Etiam
1173 2832 1233 2893 alia
1256 2832 1353 2894 trium

174 2957 328 3023 generum
353 2940 483 3000 nomina
506 2943 581 3001 sunt
601 2988 607 3000 .
627 2987 660 2999 ..
707 2937 746 2999 ln
771 2938 820 3000 his
844 2943 951 3001 tamen
975 2937 1226 3020 obseruabimus,
1248 2939 1353 3021 appel-

172 3046 309 3109 lationes
333 3044 503 3107 dumtaxat
526 3047 552 3106 si
579 3045 711 3126 fuerint,
742 3050 821 3107 tnnc
849 3045 1027 3107 ablatiuum
1054 3047 1086 3106 in
1111 3047 1123 3107 i
1145 3046 1284 3108 litteram
1306 3045 1353 3107 fa-

176 3169 254 3214 cere.
300 3151 385 3214 Nam
416 3153 441 3213 si
475 3154 601 3235 propria
633 3154 763 3214 nomina
794 3153 927 3232 fuerint,
959 3157 1036 3214 tunc
1066 3152 1242 3215 ablatiuum
1271 3155 1306 3215 in
1335 3171 1352 3216 e

175 3257 312 3321 litteram
335 3258 452 3321 habere
482 3257 614 3339 debent,
640 3264 676 3322 ut
699 3259 855 3323 Felice..
878 3251 895 3320 ‚³
941 3258 1068 3321 Etenim
1098 3258 1351 3322 obseruationem

174 3366 282 3428 istam:
311 3358 476 3428 tAblatiuo
501 3370 609 3429 autem
630 3417 635 3429 .
657 3417 662 3429 .
684 3417 689 3428 .
713 3367 907 3429 felicium..
929 3360 947 3428 .'
994 3365 1157 3429 Charisius
1179 3368 1273 3450 plane
1296 3387 1352 3430 ne-

173 3470 291 3556 glexit,
322 3492 359 3536 ea
383 3476 508 3535 autem:
531 3466 654 3536 ‘Etiam
679 3473 741 3535 alia
764 3524 770 3535 .
792 3524 797 3535 .
818 3468 836 3535 ,²
863 3475 897 3535 in
920 3473 1018 3536 alium
1042 3475 1149 3537 locum
1173 3474 1350 3553 transtulit3

172 3580 387 3642 inueniuntur
423 3581 507 3642 enim
544 3603 572 3664 p.
605 3583 658 3661 47,
678 3583 706 3643 3.
764 3579 851 3655 Quos
886 3581 973 3644 locos
1013 3581 1160 3663 exhibui,
1198 3583 1351 3664 quoniam

172 3689 314 3749 maxime
337 3685 494 3749 notabiles
518 3692 599 3750 sunt.
649 3687 743 3750 Unde
767 3688 925 3770 conligere
943 3688 1025 3762 licet,
1050 3709 1113 3771 qua
1130 3689 1252 3752 ratione
1271 3687 1351 3752 Cha-

172 3795 270 3856 risius
294 3793 415 3856 efonte
439 3813 497 3856 suo
521 3795 670 3857 hauserit.
717 3793 784 3857 Nec
806 3799 913 3858 tamen
933 3797 1041 3858 statim
1061 3797 1255 3880 corruptelas
1273 3798 1350 3861 istas

172 3920 192 3963 a
215 3899 356 3963 Charisia
380 3900 534 3964 admissas
563 3921 631 3964 esse
655 3903 811 3965 statueris
858 3901 944 3966 Fieri
967 3905 1052 3965 eninr
1081 3906 1198 3986 potuit,
1229 3906 1350 3967 utiam

171 4006 242 4069 fons
265 4007 328 4070 illis
351 4006 459 4071 uerbis
483 4010 521 4071 ab
546 4008 654 4090 aliquo
683 4013 797 4072 auctus
824 4015 913 4072 esset.
962 4008 1124 4072 Charisius
1147 4029 1233 4092 uero,
1262 4011 1350 4093 quod

171 4114 370 4195 grammatici
384 4133 458 4176 cum
478 4134 514 4178 eo
528 4116 645 4178 conlati
660 4117 840 4196 ostendunt,
855 4135 932 4180 suae
947 4117 1110 4179 doctrinae
1120 4117 1201 4179 nihil
1221 4120 1349 4182 omnino

173 4220 303 4282 addidit.
340 4219 429 4282 Nihil
453 4224 579 4285 curauit
598 4242 674 4285 sane
693 4223 858 4303 nonnulla,
882 4224 944 4285 alia
968 4224 1038 4286 aliis
1062 4224 1142 4286 locis
1162 4225 1348 4287 conlocauit.

261 4326 323 4390 Vel
347 4347 389 4390 ex
416 4328 474 4409 hia,
503 4349 583 4411 quae
606 4331 774 4413 percensui
799 4330 954 4412 capitibus
980 4332 1113 4414 planum
1137 4330 1185 4410 fit,
1215 4336 1349 4413 quanto-

171 4453 247 4517 pere
269 4433 459 4497 Remmiana
483 4436 628 4499 doctrina
651 4436 908 4500 circumcidendo
937 4457 974 4500 ac
997 4437 1215 4522 perturbando
1239 4438 1350 4521 depra-

172 4546 248 4604 uata
271 4542 312 4604 sit
335 4561 353 4604 a
373 4541 522 4606 Charisia.
570 4542 654 4618 Quid
677 4547 795 4607 mirum
817 4546 924 4628 igitur,
949 4545 1035 4628 quod
1058 4564 1123 4608 non
1146 4563 1216 4608 eam
1240 4550 1349 4608 aucto-
