3052 4958
667 481 887 541 -ῃ-

182 679 249 722 non
272 658 464 740 adsumpsit,
494 676 568 720 curn
592 657 686 719 istius
716 656 877 719 similibus
901 656 1048 738 componi
1071 660 1206 737 possunt
1229 660 1261 718 et
1285 655 1361 737 quia

182 767 329 848 uulgaris
359 771 436 828 sunt
464 768 571 845 notae,
602 784 715 847 parum
746 764 786 826 ad
818 761 1105 825 demonstrandum
1134 761 1250 825 ualent.
1298 760 1362 824 Sed

182 871 362 935 disserendi
394 889 497 953 genus
521 869 749 934 Palaemonem
772 872 887 954 prodit.
938 871 1007 933 Iam
1040 868 1182 932 definitio
1216 866 1361 930 aduerbii

182 997 221 1041 ea
248 983 308 1059 est,
342 997 438 1061 quam
469 977 716 1060 grammaticum
749 982 895 1040 nostrum
926 976 1102 1060 professum
1135 993 1204 1038 esse
1232 978 1360 1038 constat.

182 1085 246 1147 Hic
268 1085 336 1147 illio
360 1086 456 1147 etiam
476 1084 614 1146 aliorum
632 1085 912 1165 grammaticorum
935 1083 1173 1146 obseruationes
1192 1081 1362 1165 adspersae

184 1191 296 1275 sunt.¹)
353 1191 476 1254 Callida
507 1209 585 1253 uero
617 1189 781 1252 Romanus
814 1190 1015 1254 Palaemonis
1047 1190 1167 1251 librum
1199 1191 1232 1250 in
1266 1208 1361 1252 usum

183 1319 278 1362 suum
308 1300 478 1362 conuertit.
523 1297 607 1360 Nam
640 1317 713 1361 oum
746 1296 909 1360 Charisius
942 1303 1111 1379 excerptor
1143 1296 1197 1358 alii
1228 1296 1315 1358 locos
1344 1317 1361 1358 a

184 1405 327 1469 Remmia
352 1405 498 1468 laudatos
527 1405 666 1486 aliaque,
698 1423 781 1486 quae
809 1408 972 1467 auctorem
995 1402 1145 1486 prodant,
1173 1404 1362 1485 receperint,

184 1513 269 1595 apud
301 1511 482 1574 Romanum
517 1530 554 1573 ea
585 1510 704 1573 frustra
737 1511 872 1592 quaeris.
920 1510 964 1572 At
993 1510 1080 1593 quod
1114 1510 1153 1572 de
1184 1509 1244 1571 hoo
1277 1528 1363 1571 com-

182 1620 340 1682 mentario
364 1617 465 1680 firmis
491 1617 687 1699 argumentis
717 1616 928 1679 demonstrari
952 1635 1017 1678 non
1041 1621 1158 1700 potest,
1186 1615 1220 1678 id
1245 1616 1284 1678 de
1307 1616 1362 1696 eiS,

184 1745 268 1809 quae
292 1730 481 1807 sequuntur,
504 1723 575 1786 fieri
598 1723 680 1786 lieet.
704 1744 734 1805 p.
756 1726 828 1805 194,
848 1725 1067 1805 amram
1094 1725 1178 1786 enim
1197 1722 1363 1785 Romanus

182 1832 351 1913 aduerbia,
385 1832 493 1914 qualia
523 1830 608 1915 apud
641 1836 785 1894 auctores
814 1832 849 1893 in
877 1851 974 1894 usum
1002 1832 1153 1912 ueniunt,
1183 1830 1363 1892 litterarum

183 1940 298 2002 ordine
322 1940 481 2002 inlustrat.
529 1927 700 2000 Palaemon
723 1944 831 2001 autem
853 1939 887 2000 in
911 1937 985 2000 libri
1008 1937 1024 1999 I
1050 1939 1154 2020 eapite
1177 1935 1244 1999 XV
1267 1938 1362 2013 etiam

184 2047 353 2128 aduerbia,
393 2054 551 2129 quatenus
586 2036 760 2109 ‘catholica
797 2066 882 2129 uaga
913 2050 1034 2126 essent,
1074 2062 1156 2127 quae
1189 2045 1363 2107 multarum

183 2156 478 2218 controuersiarum
517 2157 660 2216 ueterem
698 2154 870 2236 caliginem
911 2146 1126 2235 dissiparent',
1168 2151 1363 2234 perstrinxit.

184 2263 293 2345 Atque
320 2261 485 2324 Romanus
516 2262 612 2322 etiam
641 2261 675 2320 in
704 2260 765 2322 hoe
796 2260 1022 2323 commentario
1050 2259 1223 2321 nonnullas
1251 2258 1362 2321 Palae-

184 2369 289 2430 monis
318 2366 558 2430 obseruationes
587 2366 687 2429 uerbo
715 2367 780 2430 fere
810 2373 905 2430 tenus
929 2367 1080 2429 seruauit.
1130 2365 1215 2440 Quas
1239 2365 1364 2428 adferre

187 2475 286 2538 liceat.
332 2474 497 2538 Romanus
519 2494 548 2557 p.
569 2474 694 2554 raupa
718 2473 849 2557 profert:
877 2467 1050 2555 ‘Ampliter
1068 2472 1204 2535 Plautus
1226 2472 1287 2534 in*
1306 2490 1363 2555 pro

188 2582 297 2665 ample.
345 2581 462 2644 Omnia
490 2582 574 2643 enim
605 2581 750 2662 nomina,
783 2598 865 2663 quae
896 2581 930 2642 in
960 2580 1112 2662 qualitate
1144 2584 1219 2641 sunt
1247 2573 1301 2641 aut
1328 2579 1362 2640 in

188 2691 372 2771 quantitate,
401 2690 427 2751 si
453 2689 562 2751 datiuo
585 2689 619 2748 in
644 2707 662 2749 o
685 2694 820 2764 exeunt,
853 2686 1006 2751 aduerbia
1033 2706 1091 2770 per
1115 2706 1132 2750 e
1155 2687 1294 2749 litteram
1317 2686 1363 2747 i·
1423 2723 1443 2739 -,

186 2796 289 2878 ciunt,
312 2802 349 2858 ut
374 2796 486 2859 doctus
510 2795 609 2875 docte,
634 2796 760 2877 amplus
783 2795 895 2878 ample.
942 2795 1005 2858 Sed
1024 2799 1149 2858 ueteres
1169 2813 1233 2856 non
1254 2793 1362 2856 obser-

185 2891 379 2965 uauerunt'.

274 3010 446 3073 Palaemon
479 3030 508 3092 p.
540 3012 653 3087 79,10
687 3010 793 3072 docet:
826 3002 966 3092 ‘Largus
999 3028 1115 3070 nomen
1147 3008 1223 3070 facit
1255 3027 1296 3072 ex
1329 3027 1363 3071 se

184 3114 390 3197 aduerbium,
419 3117 506 3199 quod
530 3118 648 3197 omnia,
679 3117 818 3198 quaein
843 3115 996 3198 qualitate
1025 3120 1101 3177 sunt
1124 3117 1236 3177 autin
1261 3135 1362 3198 quan-

184 3223 284 3303 titate,
308 3224 336 3285 si
356 3225 463 3287 rlatiuo
484 3242 561 3286 casu
583 3224 619 3285 in
643 3242 661 3285 o
685 3227 813 3304 exeunt,
838 3242 855 3285 o
879 3224 914 3284 in
938 3242 956 3286 e
978 3225 1104 3284 mutant
1122 3227 1152 3283 et
1172 3221 1362 3284 aduerbium

184 3329 320 3410 iaciunt,
349 3338 385 3393 ut
414 3332 524 3395 doctus
555 3330 640 3392 docti
670 3330 771 3411 docto,
803 3329 880 3392 facit
910 3329 1009 3392 docte.
1056 3327 1119 3391 Sed
1146 3334 1272 3391 ueteres
1302 3327 1363 3391 hoc

185 3455 252 3498 non
277 3436 541 3500 obseruauerunt.
579 3435 662 3499 Nam
686 3442 717 3498 et
740 3436 861 3499 duriter
883 3437 1051 3498 Terentius
1076 3433 1159 3497 dixit
1178 3439 1209 3497 ct
1227 3433 1363 3498 Plautus

185 3537 358 3625 ampliter'.
410 3543 561 3606 Gont'eras
593 3548 756 3625 praeterea
787 3543 989 3606 Palaemonis
1022 3541 1198 3604 doctrinam
1230 3562 1259 3624 p.
1290 3544 1363 3621 113,

186 3651 342 3726 22-293
370 3652 442 3725 116,
465 3652 590 3728 1-283
619 3652 691 3726 183,
711 3652 929 3731 25-184,9;
959 3652 1029 3731 187,
1051 3650 1148 3712 1-8.
1194 3647 1274 3711 Item
1301 3647 1363 3711 Ro·

185 3776 303 3819 manus
331 3777 360 3839 p.
385 3759 459 3833 211,
479 3759 538 3819 26:
570 3749 686 3819 ‘Plura
709 3755 844 3820 Plautus
867 3758 902 3818 in
927 3733 1025 3819 Caeco
1049 3756 1103 3819 uel
1131 3757 1166 3817 in
1193 3755 1363 3838 praedoni-

277 3986 297 4054 1)
322 3985 451 4038 Umbrius
473 3985 583 4039 Primus
609 3987 670 4054 quis
697 3986 732 4039 sit
757 3986 825 4039 mihi
850 4002 904 4039 non
929 3986 1022 4054 liquot.
1064 3985 1198 4053 Equidem
1223 4001 1307 4053 paene
1330 3985 1364 4038 ad

187 4091 246 4128 eam
265 4075 398 4127 deductus
417 4090 479 4127 sum
498 4075 666 4142 sententiam,
682 4077 713 4128 ut
727 4075 918 4129 Palaemonem
938 4074 1086 4128 aldemano
1107 4075 1289 4144 significatum
1304 4090 1363 4128 esso

187 4164 330 4215 crederent.
357 4163 465 4216 Etenim
485 4180 603 4217 conexus
622 4180 712 4216 rerum
731 4164 901 4232 regulaeque,
920 4164 947 4215 in
967 4163 1064 4230 quibus
1082 4163 1211 4217 Urnbrius
1230 4164 1363 4230 laudatur,

187 4252 220 4304 ad
248 4251 434 4305 chrmianam
466 4254 615 4307 doctrinam
645 4253 800 4321 respiciunt.
844 4252 903 4305 Iam
931 4268 995 4305 uero
1023 4269 1048 4319 p.
1080 4256 1142 4320 192,
1168 4258 1199 4306 16
1227 4254 1364 4306 Romanus

187 4340 338 4394 exorditur:
364 4335 433 4395 ‘Sed
452 4342 567 4396 conlatio
592 4358 726 4410 quamque
746 4342 970 4409 comparationem
993 4341 1125 4394 Umbrius
1147 4341 1255 4395 Primus
1276 4342 1362 4394 norni-

188 4433 236 4482 nat
251 4471 257 4483 .
273 4473 278 4483 .
294 4422 309 4483 .’
342 4429 530 4484 Palaemonem
549 4435 639 4484 autem
658 4435 685 4484 et
700 4422 903 4485 ‘conlationem'
923 4432 950 4483 et
965 4423 1214 4498 ‘comparationem'
1234 4429 1363 4482 extulisse

187 4533 223 4569 ex
240 4519 327 4585 capite
345 4518 408 4572 libri
427 4520 506 4587 primi
524 4519 593 4572 XVI
611 4519 806 4574 intelleximus,
