3052 4958
700 290 919 350 ..14-

224 472 315 530 eruta
343 469 414 546 erit;
447 467 613 550 quaedam,
640 466 825 548 praesertim
854 485 936 548 quae
958 466 998 527 ad
1026 465 1192 548 analogiae
1216 464 1394 527 doctrinam

221 574 387 651 attineant,
410 594 488 636 num
512 573 645 656 reperiri
667 574 799 655 possint,
823 572 927 636 adhuc
951 573 1046 636 ualde
1069 570 1188 634 dubito.
1232 569 1396 634 Charisius

221 678 310 743 enim
325 680 526 743 Palaemonis
546 681 585 742 de
604 679 751 762 analogia
770 681 1034 743 commentarium
1053 679 1148 762 plane
1166 678 1393 761 praetermisit3

221 786 340 869 reliqui
365 793 470 850 autem
492 787 702 871 grammatici,
726 786 812 868 quod
835 787 983 867 uiderim,
1007 806 1073 849 non
1096 787 1159 848 nisi
1175 784 1313 849 frustula
1336 805 1395 848 ex-

220 900 414 976 carpserunt.

309 999 355 1063 At
378 1019 455 1063 uero
480 1020 562 1084 quae
585 1006 633 1064 est
651 1001 788 1082 singulis
811 999 955 1083 partibus
975 998 1171 1075 Quintiliano
1191 1017 1265 1083 cum
1283 996 1396 1059 Palae-

221 1125 317 1170 mone
341 1109 498 1190 cognatio
523 1109 601 1172 haec
625 1109 721 1171 etiam
744 1110 778 1170 in
797 1110 987 1171 uniuersum
1006 1108 1157 1170 cernitur.
1199 1103 1282 1168 Nam
1307 1104 1396 1186 quod

218 1206 356 1276 ‘efferri'
379 1233 436 1297 pro
460 1207 583 1278 ‘fineri'
607 1220 639 1278 et
656 1207 875 1297 ‘qualitatem’
898 1234 955 1298 pro
975 1214 1150 1278 uerborum
1165 1204 1292 1274 ‘modo'
1316 1211 1396 1273 alia-

220 1339 282 1401 que
306 1318 524 1394 Quintilianus
552 1341 626 1385 cum
649 1321 840 1384 Palaemona
874 1322 969 1404 dixit,
997 1322 1101 1404 mitt03
1133 1319 1268 1382 docendi
1299 1319 1397 1380 ratio·

219 1445 293 1489 nem
326 1430 461 1510 uterque
490 1431 624 1492 eandem
652 1428 825 1512 profitetur.
873 1427 1092 1504 Quintilianus
1116 1429 1200 1489 enim
1225 1425 1249 1507 I,
1269 1427 1327 1506 6,1
1354 1425 1397 1487 de

220 1533 350 1617 liuguae
367 1535 593 1605 fundamentis,
618 1543 655 1600 ut
670 1539 716 1599 ita
735 1537 847 1616 dicam,
872 1536 1031 1599 disserens
1051 1535 1306 1616 disceptansque,
1326 1532 1398 1600 cui-

221 1659 294 1703 nam
312 1653 387 1724 prae
406 1643 519 1705 ceteris
541 1646 593 1706 uis
617 1664 654 1706 ao
672 1648 810 1726 potestas
829 1642 999 1705 tribuenda
1021 1643 1076 1704 sit:
1100 1633 1254 1719 ‘Sermo’‚
1278 1640 1399 1721 inquit,

219 1741 360 1810 ‘constat
376 1750 507 1829 ratione,
530 1754 698 1831 uetustate,
722 1750 916 1830 auctoritate,
941 1741 1195 1813 consuetudine’.
1216 1783 1258 1791 —
1277 1747 1398 1829 Aeque

221 1852 383 1918 Charisius
409 1876 438 1938 p.
463 1857 514 1936 50,
530 1859 572 1919 25
602 1861 731 1919 auctore
755 1841 960 1919 Palaemone:
991 1848 1139 1918 ‘Constat
1162 1872 1236 1936 ergo
1261 1852 1401 1916 Latinus

221 1980 325 2024 sermo
348 1966 473 2043 natura,
497 1964 651 2046 analogia,
676 1962 918 2042 consuetudine,
942 1955 1151 2025 auctoritate'.

309 2067 420 2153 Pergit
444 2067 677 2144 Quintilianus:
705 2062 890 2133 ‘Rationem
919 2075 1058 2152 praestat
1084 2068 1256 2152 praecipue
1287 2067 1398 2130 analo·
1432 2078 1435 2083 '

220 2176 318 2259 logia,
350 2196 594 2260 nonnumquam
624 2182 655 2240 et
678 2178 879 2261 etymologia.
925 2177 1044 2239 Vetera
1067 2178 1214 2240 maiestas
1239 2174 1398 2257 quaedam

211 2295 264 2363 et,
287 2289 324 2346 ut
346 2285 393 2346 sic
417 2284 566 2364 dixerim
597 2285 708 2367 religio
733 2285 944 2348 commendat.
993 2285 1177 2347 Auctoritas
1201 2283 1240 2344 ab
1264 2283 1400 2343 oratori-

222 2389 281 2452 bus
304 2391 357 2451 uel
376 2390 534 2452 historicis
557 2391 621 2472 peti
645 2391 724 2453 solet
748 2441 753 2452 .
779 2439 785 2450 .
811 2441 816 2453 .
841 2411 916 2452 cum
940 2411 1140 2454 summorum
1159 2393 1193 2452 in
1213 2389 1399 2470 eloquentia

221 2497 366 2558 uirorum
385 2497 541 2558 iudicium
564 2515 620 2577 pro
644 2498 767 2559 ratione
787 2503 818 2559 et
836 2497 890 2559 uel
913 2516 1001 2559 error
1019 2498 1171 2560 honestus
1195 2502 1243 2560 est
1262 2514 1399 2578 magnos

222 2603 320 2664 duces
344 2602 562 2684 sequentibus.
609 2600 814 2665 Consuetudo
844 2622 921 2665 uero
946 2605 1123 2666 certissima
1150 2602 1304 2686 loquendi
1327 2622 1399 2664 ma-

220 2711 319 2791 gistra
338 2709 558 2790 utendumque
577 2710 671 2792 plane
690 2729 837 2773 sermone
857 2716 894 2772 ut
913 2730 1054 2792 nummo,
1074 2712 1127 2773 cui
1145 2703 1276 2794 publica
1293 2709 1399 2772 forma

221 2809 292 2877 est².
338 2815 432 2878 Adde
458 2835 540 2897 quae
562 2823 687 2901 praeter
710 2819 772 2880 alia
795 2817 915 2899 Lam
939 2819 1106 2902 leguntur:
1133 2811 1236 2900 ‘Ergo
1261 2836 1400 2880 consue-

221 2921 363 2985 tudinem
389 2925 545 2987 sermonis
570 2924 691 2988 uocabo
712 2944 903 2989 consensum
926 2926 1134 3007 eruditorum,
1158 2927 1242 2988 sicut
1261 2924 1399 2987 uiuendi

221 3048 412 3094 consensum
437 3024 618 3094 bonorum'.

310 3137 484 3200 Palaemon
516 3140 603 3221 apud
633 3139 812 3203 Charisium
843 3161 872 3223 p.
902 3143 953 3221 51,
971 3143 1007 3203 3:
1037 3134 1211 3222 ‘Analogia
1238 3139 1398 3201 sermonis

222 3263 239 3304 a
263 3249 378 3307 natura
401 3239 547 3326 proditi'‚
575 3248 690 3328 inquit,
713 3240 888 3309 ‘ordinatio
913 3252 960 3310 est
983 3267 1088 3329 neque
1112 3248 1204 3309 aliter
1226 3245 1397 3308 barbaram

221 3348 367 3432 linguam
391 3351 430 3413 ab
455 3353 581 3415 erudita
605 3373 701 3435 quam
725 3358 894 3436 argentum
919 3374 937 3415 a
959 3353 1091 3436 plumbo
1111 3353 1269 3415 dissociat.
1312 3349 1396 3414 Con-

221 3456 356 3520 suetudo
389 3479 454 3521 non
488 3468 553 3522 arte
587 3461 750 3544 analogiae
779 3462 834 3524 sed
859 3459 984 3522 uiribus
1008 3479 1066 3541 par
1089 3466 1150 3541 est,
1182 3461 1254 3522 ideo
1288 3459 1396 3522 solum

221 3570 354 3647 recepta,
386 3567 472 3648 quod
502 3568 677 3630 multorum
705 3569 915 3631 consensione
939 3568 1116 3647 conualuit,
1139 3569 1182 3629 ita
1206 3572 1326 3646 tamen,
1358 3572 1397 3630 ut

221 3671 267 3733 illi
290 3674 371 3734 ratio
396 3694 462 3736 non
486 3675 624 3755 accedat7
648 3674 704 3737 sed
727 3674 901 3757 indulgeat.
953 3676 1132 3737 Auctoritas
1155 3674 1189 3735 in
1212 3674 1325 3755 regula
1347 3673 1396 3735 lo-

222 3780 342 3860 quendi
370 3784 545 3846 nouissima
573 3789 627 3844 est.
674 3781 821 3864 Namque
848 3782 906 3844 ubi
934 3784 1042 3844 omnia
1070 3781 1255 3861 defecerint,
1284 3782 1329 3843 sic
1353 3780 1395 3843 ad

220 3886 309 3948 illam
343 3890 612 3969 quemadmodum
655 3910 743 3952 aram
781 3910 903 3953 sacram
942 3890 1127 3954 decurritur.
1196 3887 1269 3951 Non
1306 3891 1394 3951 enim

223 3994 397 4075 quicquam
431 4003 485 4059 aut
507 3998 640 4059 rationis
673 4002 729 4060 aut
761 3988 896 4060 naturae
918 4002 974 4059 aut
1007 3997 1250 4060 consuetudinis
1282 3995 1393 4080 habet3

220 4106 345 4162 tantum
370 4104 519 4185 opinione
543 4110 702 4167 oratorum
727 4110 853 4189 recepta
877 4110 936 4184 est,
962 4104 1017 4185 qui
1045 4108 1076 4166 et
1098 4105 1173 4186 ipsi,
1198 4123 1256 4165 cur
1283 4104 1316 4165 id
1344 4123 1393 4166 se-

223 4209 288 4270 cuti
313 4215 437 4304 essent,¹
463 4211 490 4273 si
512 4209 646 4274 fuissent
673 4213 872 4296 interrogati,
905 4212 1027 4274 nescire
1060 4203 1294 4273 confiterentur.
1340 4211 1393 4272 Ex

219 4314 270 4376 ln's
298 4334 373 4399 ergo
405 4305 552 4381 omnibus
576 4319 772 4382 consuetudo
802 4339 868 4381 non
896 4311 974 4382 haee
1003 4320 1149 4402 uulgaris
1177 4337 1237 4381 nec
1266 4318 1393 4381 sordida
