3052 4958
652 313 872 376 ..16-

170 491 305 554 docendi
338 491 494 552 rationem
526 491 633 572 quarti
656 511 685 573 p.
710 488 781 552 (ihr.
814 488 935 552 saeculi
966 489 1189 571 grauuuatieos
1221 507 1352 571 prorsus

170 615 321 681 respuere
347 601 458 680 postea
492 597 596 679 magis
627 596 799 680 apparebit.
855 593 1098 658 Schottrnueller
1130 594 1217 657 enim
1249 615 1353 678 quan-

170 708 278 786 topere
300 703 502 766 Palaemonis
535 721 585 765 ars
614 722 632 764 a
656 700 799 766 Charisio
828 701 961 764 confusa
988 701 1354 784 11111111111111111111Ί

170 828 277 892 neque
302 809 386 872 uidit
409 828 516 892 neque
540 810 689 892 opinatus
713 814 760 872 est
784 810 925 871 omuino.
951 844 991 853 »-

259 916 305 978 At
317 917 528 999 inspiciamus
544 915 639 999 paulo
656 916 837 978 accuratius
847 913 1073 977 Palaemonem
1086 914 1192 994 istum,
1201 933 1296 997 quem
1311 915 1354 978 ab

130 1036 133 1041 ·
171 1021 281 1085 infima
300 1024 406 1104 quarti
424 1023 544 1085 saeculi
559 1027 647 1104 parte
661 1021 905 1086 Schottrnueller
921 1021 1098 1083 arcessiuit.
1128 1018 1192 1094 Qui
1208 1022 1242 1083 ni
1258 1021 1356 1084 fallor

171 1129 280 1192 nullus
298 1130 427 1191 omuino
442 1129 512 1192 fuit.
536 1128 675 1191 Exhibet
689 1130 773 1191 enirn
787 1126 938 1191 Sidonius
947 1125 1143 1209 Apollinaris
1158 1128 1193 1189 iu
1209 1128 1355 1212 epistola,

172 1255 269 1318 quam
292 1235 333 1296 ad
352 1234 537 1319 Sapaudum
561 1235 723 1318 quendam
745 1235 840 1315 misit,
863 1234 937 1296 libri
956 1233 987 1293 V
1012 1231 1148 1296 decima:
1172 1227 1251 1297 ‘Tua
1273 1253 1356 1298 uero

170 1347 236 1405 tarn
259 1342 352 1422 clara,
376 1347 441 1405 tam
464 1341 646 1425 spectabilis
670 1342 766 1404 dictio
791 1346 846 1422 est,
869 1345 906 1403 ut
928 1340 977 1402 illi
1000 1340 1117 1402 diuisio
1141 1339 1357 1424 Palaemonis

102 1508 105 1514 .
171 1449 315 1531 grauitas
348 1447 519 1530 Gallionis,
553 1449 752 1510 abundantia
784 1445 958 1530 Delphidii,
990 1447 1143 1529 Agroecii
1174 1446 1357 1531 disciplina,

170 1555 323 1619 fortitudo
355 1555 490 1637 Alcimi,
524 1555 677 1638 Adelphii
709 1554 903 1635 teneritud0,
940 1554 1026 1636 rigor
1057 1552 1182 1636 Magni,
1215 1554 1356 1618 dulcedo

172 1661 308 1726 Victorii
340 1681 405 1724 non
437 1661 530 1723 modo
564 1680 630 1724 non
662 1663 841 1745 superiora,
879 1660 935 1724 sed
971 1661 1032 1723 uix
1065 1661 1160 1741 aequi
1196 1660 1357 1742 parabilia

172 1760 373 1834 scribantur'
397 1805 439 1812 —-
463 1765 607 1829 Laudata
638 1768 737 1850 igitur
769 1773 817 1831 est
849 1767 1039 1850 disponendi
1062 1766 1263 1829 Palaemonis
1291 1787 1355 1831 ars.

172 1873 277 1948 Quam
309 1878 409 1937 artem
431 1875 467 1935 in
491 1893 574 1955 eam,
608 1893 690 1957 quae
724 1874 809 1957 apud
833 1872 1013 1936 Charisium
1046 1877 1150 1937 exstat
1174 1872 1356 1937 doctrinam

172 1981 285 2045 cadere
308 2000 383 2043 curn
405 1982 469 2043 iam
493 2000 511 2042 a
535 1979 797 2043 Schottmuellero
822 1981 1028 2044 obseruatum
1059 1989 1107 2043 est
1138 1985 1207 2043 tum
1231 1999 1273 2043 ex
1297 1983 1357 2063 eis,

173 2106 255 2169 quae
278 2093 386 2172 postea
410 2088 617 2171 expositurus
636 2107 709 2150 sum
727 2086 874 2150 elucebit.
913 2087 957 2149 At
976 2085 1220 2151 Sohottmueller
1238 2088 1356 2152 Palae-

171 2214 299 2257 monem
321 2196 427 2275 istum,
452 2193 538 2277 quod
561 2194 916 2279 pleriqueseriptorum
934 2193 1137 2257 laudatorum
1162 2201 1274 2278 quarto
1299 2197 1358 2260 uel

173 2303 285 2384 quinto
309 2302 437 2365 saeculo
462 2301 693 2364 adnumerandi
717 2307 831 2382 essent,
856 2306 888 2364 11
910 2302 1016 2384 ipsmu
1039 2303 1070 2365 ei
1093 2304 1188 2365 aetati
1212 2303 1356 2367 adscribi
1432 2287 1436 2293 ’

173 2407 287 2470 debere
311 2410 456 2471 coniecit.
502 2409 547 2470 At
579 2408 774 2470 coniciamus
807 2408 853 2487 id,
886 2427 965 2470 num
997 2427 1126 2472 necesse
1154 2409 1223 2474 est?
1257 2408 1353 2493 Qud,

171 2533 278 2576 nonne
311 2516 406 2576 etiam
430 2511 648 2587 Quintilianus
681 2513 791 2574 eodem
822 2513 891 2574 loeo
925 2513 1074 2576 laudatus
1097 2520 1145 2578 111
1168 2536 1186 2578 1
1210 2515 1348 2597 Sidonio,

172 2621 294 2683 utiam
317 2617 443 2683 Keilius
466 2617 518 2683 Gr.
543 2617 576 2682 L.
601 2618 640 2699 V,
663 2640 692 2700 p.
717 2621 783 2682 334
807 2620 924 2701 optime
947 2622 1092 2683 monuit?
1126 2621 1354 2686 Palaemonem

172 2745 247 2789 eum
270 2726 399 2807 quidem
425 2725 598 2806 rhetorem,
632 2727 688 2808 qui
720 2728 780 2788 arti
814 2744 943 2808 quoque
970 2731 1195 2809 grammaticae
1223 2749 1355 2813 operam

173 2834 356 2912 uauauerit,
379 2831 477 2894 fuisse
510 2852 551 2895 ne
575 2837 771 2916 compertum
797 2833 926 2915 quidem
949 2832 1118 2915 habemus3
1152 2836 1212 2898 hoc
1244 2842 1357 2900 tamen

172 2941 291 3002 scimus
318 2939 560 3023 grammaticum
586 2939 687 3003 fuisse
716 2958 855 3022 eumque
884 2938 911 3015 Q
948 2939 1137 3004 Remmium.
1184 2942 1232 3004 Ea
1264 2962 1355 3027 uero,

173 3066 256 3128 quae
288 3047 375 3131 apud
407 3045 588 3111 Charisiunr
625 3053 754 3112 exstant
790 3049 1010 3130 grammatica,
1049 3068 1122 3111 cum
1160 3050 1237 3131 quia
1277 3068 1357 3114 oum

174 3151 369 3228 Quintiliano
394 3156 586 3237 conspirant,
611 3153 645 3229 Q.
665 3154 802 3216 Renunii
822 3154 1023 3218 Palaemonis
1047 3161 1131 3237 sunt,
1155 3161 1224 3218 tum
1244 3159 1357 3238 quarti

172 3281 201 3344 p.
219 3259 289 3324 Chr.
309 3260 429 3322 saeculi
447 3261 670 3341 grammaticos
689 3262 758 3323 siue
777 3261 920 3324 rhetores
939 3261 1035 3344 longe
1054 3266 1212 3343 superant.
1241 3264 1356 3345 Atque

174 3367 252 3451 quid
284 3366 428 3449 impedit,
462 3367 540 3447 quin
565 3366 735 3430 Palaemon
769 3373 876 3430 noster
909 3371 1004 3430 etiam
1037 3388 1055 3428 a
1089 3369 1195 3450 quinti
1224 3391 1253 3452 p.
1278 3368 1354 3435 Chr.

173 3472 294 3538 saeculi
317 3471 466 3534 laudatus
490 3473 531 3534 sit
554 3473 719 3556 scriptore,
751 3477 937 3557 praesertim
970 3493 1044 3536 cum
1076 3475 1164 3537 illius
1193 3481 1293 3538 artem
1316 3479 1355 3540 in

173 3579 380 3662 multiplicem
403 3598 440 3641 ae
464 3579 670 3643 diurturnum
694 3582 874 3644 scholarum
898 3600 992 3643 usum
1013 3583 1140 3645 uenisse
1160 3602 1197 3644 ao
1221 3584 1353 3665 saepius

175 3687 367 3769 exscriptam
381 3703 449 3748 esse
463 3691 593 3749 constet.
617 3685 766 3770 Namque
779 3692 810 3751 11
819 3685 990 3750 Diomedes
1005 3687 1042 3768 (l,
1053 3690 1127 3768 403,
1141 3690 1195 3766 183
1208 3691 1282 3768 415,
1296 3692 1353 3772 16)

174 3798 206 3856 et
220 3790 411 3855 Consentius
429 3791 610 3876 (11111)
634 3796 664 3856 et
686 3791 872 3856 Priscianus
888 3793 944 3877 (II,
955 3797 1006 3875 35,
1017 3796 1072 3873 27)
1092 3801 1123 3858 et
1142 3793 1352 3860 Cassiodorus

175 3899 261 3979 (Vll,
271 3902 346 3979 214,
356 3900 419 3978 24),
431 3918 510 3981 quos
520 3901 742 3981 grammaticos
753 3906 865 3982 quarto
882 3903 994 3984 quinto
1010 3906 1099 3963 sexto
1113 3923 1143 3984 p.
1154 3900 1223 3964 Ohr.
1240 3921 1352 3965 saecu—

85 4001 88 4006 ’
173 4007 213 4069 lis
232 4005 380 4069 addicere
399 4005 545 4085 solemus
566 4024 640 4068 eum
654 4007 821 4089 appellant.
849 4008 913 4070 Eos
930 4013 1037 4071 autem
1051 4010 1274 4092 grammaticos
1288 4008 1352 4072 Pa-

174 4113 326 4176 laemonis
342 4116 441 4174 artem
459 4113 561 4195 ipsam
579 4113 614 4174 in
633 4114 782 4177 manibus
800 4115 948 4178 habuisse
963 4134 1036 4178 oum
1051 4134 1068 4178 e
1087 4135 1195 4178 rerum
1214 4134 1351 4197 conexu,

176 4239 240 4302 quo
258 4218 432 4282 Palaemon
449 4218 607 4300 laudatur,
631 4225 700 4283 tum
718 4221 793 4285 inde
815 4226 909 4304 patet,
934 4221 1017 4304 quod
1042 4242 1106 4285 non
1126 4241 1287 4304 nusquam
1311 4223 1350 4287 de

175 4325 361 4389 Charisiana
380 4324 580 4389 Palaemonis
604 4327 747 4390 doctriua
772 4329 985 4391 consentiunt.
1029 4327 1091 4403 Qui
1115 4329 1143 4391 si
1167 4329 1347 4391 doctrinam
