3052 4958
683 281 898 340 -42-

202 457 338 533 litatem3
363 456 639 538 1111111,).34,25;
664 449 802 518 ‘fabam’
826 474 950 538 semper
974 456 1136 538 singulare
1161 475 1242 535 esse,
1268 456 1382 540 Vergi-

201 563 281 625 lium
305 582 381 625 sane
403 556 496 625 ‘uere
519 562 600 625 fabis
624 556 715 625 satio'
740 563 874 640 dixisse,
905 583 1002 645 qriam
1029 555 1285 626 ‘declinationem
1308 565 1384 626 inu·

202 663 348 732 sitatam'
370 671 499 752 respuit.

292 775 462 839 Rationem
491 776 619 839 dicendi
647 777 761 838 acriter
788 776 985 857 exsequitur,
1015 796 1259 859 nonnumquam
1286 778 1385 840 etiam

203 884 290 946 haud
314 885 379 945 scio
403 903 442 945 an
467 883 566 946 nimio
593 883 674 966 plue.
722 881 774 945 Sic
796 903 825 965 p.
850 885 960 963 45,19
986 883 1025 946 de
1050 877 1194 946 ‘domus'
1224 882 1384 946 uocabulo

203 991 376 1053 disserens:
407 991 514 1052 omnia
536 990 679 1070 nomina,
711 991 766 1066 ait,
799 991 949 1071 genetiuo
977 989 1093 1072 plurali
1120 992 1155 1052 in
1181 982 1292 1052 ‘uum'
1316 1010 1387 1053 non

204 1099 238 1160 in
261 1090 382 1159 ‘orum’
407 1095 554 1159 cadentia
577 1097 759 1160 accusatiuo
783 1097 898 1179 plurali
923 1099 958 1160 in
980 1089 1043 1160 ‘us'
1067 1098 1235 1171 terminari
1251 1097 1384 1171 debere,

204 1223 281 1287 ergo
313 1204 421 1285 potius
452 1196 593 1266 ‘domus'
628 1224 725 1286 quam
756 1196 895 1266 ‘domos'
925 1204 1097 1267 dicendum
1131 1223 1214 1283 esse,
1247 1197 1386 1268 ‘domos'

205 1316 312 1375 autem
339 1311 476 1373 formam
505 1329 571 1372 non
599 1312 661 1373 nisi
692 1311 934 1392 consuetudine,
964 1331 1028 1394 qua
1051 1332 1070 1372 a
1096 1304 1293 1374 ‘domorum’
1317 1331 1385 1374 non

205 1439 224 1480 a
254 1411 437 1480 ‘domuum
464 1418 614 1500 genetiuo
645 1417 852 1499 deriuaretur,
883 1418 1113 1480 admittendam
1141 1437 1218 1482 esse.
1264 1417 1388 1482 Euenit

205 1526 314 1606 etiam,
347 1531 384 1588 ut
416 1524 478 1587 alia
511 1524 580 1586 aliis
612 1543 791 1607 repugnare
824 1523 996 1587 uideantur
1028 1531 1064 1588 ut
1095 1546 1124 1608 p.
1154 1529 1205 1607 47,
1224 1528 1385 1591 25-31:

206 1634 300 1695 cuius
327 1633 374 1694 rei
403 1651 500 1694 causa
531 1632 608 1694 haec
636 1635 696 1712 est,
731 1631 817 1712 quod
848 1631 901 1693 hic
923 1634 1003 1695 ratio
1026 1632 1091 1695 illic
1114 1633 1311 1696 consuetudo
1339 1633 1387 1698 di-

206 1740 300 1802 cendi
324 1758 434 1821 pressa
458 1743 513 1801 est.

298 1845 586 1908 Grammaticorum
611 1843 699 1906 solus
722 1843 822 1907 Nisus
848 1867 877 1928 p.
902 1847 954 1927 28,
974 1851 992 1908 7
1020 1846 1171 1909 laudatus
1195 1852 1258 1924 est;
1292 1849 1388 1910 cuius

207 1954 382 2018 sententiae
406 1951 528 2014 accedit
551 1972 579 2034 p.
600 1953 652 2031 35,
668 1953 697 2012 2.
743 1950 916 2014 Palaemon
941 1954 1026 2016 enim
1048 1955 1083 2014 in
1105 1954 1156 2015 his
1181 1971 1310 2035 quoque
1335 1972 1388 2015 ca-

207 2060 329 2144 pitibus
352 2061 437 2122 sicut
459 2059 492 2119 in
512 2058 676 2140 particulis
699 2057 772 2138 illis,
798 2079 877 2140 quas
898 2058 1059 2122 Charisius
1083 2061 1112 2122 ei
1135 2059 1256 2139 tribuit,
1280 2079 1388 2142 gram-

207 2168 397 2229 maticorum
420 2167 593 2228 sententias
616 2166 769 2229 uniuerso
793 2170 923 2249 tangere
946 2167 1069 2230 maluit.
1115 2165 1211 2228 Unde
1230 2165 1387 2226 dictiones

208 2275 368 2337 exsistunt
397 2273 465 2335 eius
492 2272 596 2334 modi:
624 2264 720 2336 ‘haec
743 2272 849 2335 littera
872 2294 891 2335 a
915 2273 1107 2355 quibusdam
1132 2264 1282 2354 negatur'
1305 2291 1335 2354 p.
1357 2273 1387 2352 8,

209 2385 267 2458 14,
290 2374 528 2462 ‘superuacuae
554 2379 749 2462 quibusdam
772 2374 941 2442 uidentur'
966 2381 1063 2460 8,16;
1087 2371 1175 2441 ‘aliis
1198 2379 1319 2461 placuit
1342 2379 1389 2440 ita

206 2482 357 2551 definire’
382 2488 477 2567 12,4,
501 2488 618 2567 14,10,
642 2479 724 2549 ‘non
747 2491 784 2548 ut
806 2490 921 2568 putant
942 2481 1088 2568 plurimi'
1114 2489 1164 2566 15,
1175 2489 1230 2564 24,
1254 2476 1389 2546 cuelut

207 2593 401 2676 quibusdam
425 2587 543 2675 placet'
569 2594 693 2673 17,10;
717 2595 766 2672 18,
782 2596 815 2671 9,
843 2585 969 2654 ‘dicunt
993 2588 1140 2675 quidam’
1170 2595 1293 2672 18,17:
1311 2592 1387 2661 538,

205 2704 265 2778 22,
286 2693 397 2781 ‘longe
416 2700 518 2762 solent
537 2718 650 2780 errare,
671 2693 745 2781 qui'
765 2701 1023 2780 21,18;539,5,
1042 2693 1259 2764 ‘contendunt
1277 2703 1388 2760 tamen

206 2800 370 2869 nonnulli'
394 2807 447 2886 22,
462 2809 498 2883 4,
526 2798 599 2868 ‘sed
629 2806 759 2888 quidam
788 2800 914 2869 dicunt'
938 2809 1022 2883 23,5
1040 2829 1045 2868 :
1063 2809 1136 2888 539,
1152 2809 1210 2884 22,
1237 2797 1309 2866 talii
1338 2803 1387 2864 di-

206 2907 300 2976 cunt'
325 2915 377 2994 23,
393 2914 412 2975 6
431 2935 436 2974 :
454 2915 527 2994 539,
543 2915 601 2992 23,
624 2905 735 2976 ‘multi
759 2908 950 2977 uoluerunt'
974 2916 1025 2995 25,
1039 2918 1097 2976 17:
1115 2914 1188 2993 540,
1204 2913 1260 2989 32,
1285 2903 1387 2972 ‘dixe-

206 3026 282 3083 runt
305 3021 458 3104 plerique,
490 3022 546 3103 qui
570 3014 691 3083 arrant'
721 3022 847 3101 25,31,
878 3013 952 3084 ‘sed
982 3021 1111 3102 quidam
1141 3013 1231 3081 dant²
1255 3019 1308 3098 32,
1322 3020 1385 3080 25:

207 3131 281 3208 548,
293 3131 351 3207 31,
376 3121 449 3190 ί1111
471 3121 621 3210 posuere'
644 3128 696 3207 36,
708 3131 746 3188 7;
764 3129 838 3208 551,
853 3129 909 3206 20,
933 3121 1141 3210 tquibusdam
1164 3127 1284 3210 placuit
1308 3117 1387 3186 diei’

207 3238 258 3312 26,
272 3240 311 3298 17
324 3258 330 3296 :
344 3238 418 3315 541,
429 3240 465 3312 4,
489 3227 562 3297 ‘sed
586 3238 661 3295 sunt
685 3234 742 3314 qui
766 3233 943 3317 distingunt
960 3284 966 3296 .
982 3284 1011 3297 ..
1033 3227 1233 3316 ignorantes'
1257 3233 1309 3313 42,
1322 3233 1385 3295 33:

206 3345 287 3423 544,
307 3344 366 3417 32,
398 3334 614 3422 ‘quamquam
650 3358 726 3403 sane
759 3341 851 3403 multi
887 3335 1102 3405 contendunt'
1135 3343 1191 3421 48,
1211 3343 1269 3417 21,
1304 3338 1387 3401 aliae

205 3449 345 3533 perinde.

303 3554 365 3618 His
408 3555 514 3617 statim
555 3554 636 3616 addc
679 3554 832 3618 dictiones
874 3555 1066 3619 admonendi
1108 3555 1209 3638 gratia
1249 3553 1385 3635 positas:

205 3657 319 3726 ‘etiam
350 3662 432 3724 illud
463 3681 579 3744 magna
612 3681 688 3724 cura
719 3662 895 3725 uidendum
927 3657 991 3726 est'
1020 3684 1049 3746 p.
1071 3664 1120 3742 16,
1137 3665 1173 3734 5,
1202 3654 1387 3721 ‘inuenitur

206 3775 313 3834 tamen
337 3770 422 3853 apud
444 3763 642 3853 Vergilium'
667 3771 717 3850 16,
733 3771 768 3847 9,
781 3768 785 3774 ’
798 3762 896 3832 ε1111111
922 3763 1125 3833 memineris'
1158 3769 1290 3849 23,17;
1310 3765 1387 3844 539,

207 3880 266 3956 31,
294 3870 387 3940 ‘nam
415 3878 453 3940 de
477 3877 626 3940 uocatiuo
655 3875 735 3937 nihil
764 3875 937 3939 dicendum
961 3881 1019 3957 est,
1049 3896 1121 3939 cum
1146 3866 1301 3938 sciamns'
1331 3873 1386 3952 23,

207 3987 274 4046 22:
296 3987 370 4065 539,
386 3986 442 4063 35,
471 3977 554 4047 ‘non
579 3985 664 4047 enim
690 3976 821 4045 dicitur-³
853 3986 904 4059 24,
921 3984 954 4060 8,
981 3975 1078 4045 ‘scito
1103 3976 1226 4045 autem'
1255 3983 1306 4058 24,
1321 3981 1384 4042 26:
1415 3966 1424 3977 ’

207 4093 282 4173 540,
293 4093 350 4169 20,
372 4084 425 4154 ‘de
450 4092 569 4173 quibus
590 4084 770 4154 dubitatur'
794 4091 890 4170 25,9,
914 4081 1109 4171 ‘quaeritur'
1133 4091 1252 4170 25,21,
1276 4081 1387 4170 ‘quae-

207 4201 341 4263 stionem
369 4193 503 4262 habere'
532 4202 583 4279 25,
604 4200 663 4276 30,
691 4191 878 4281 ‘praecipue
908 4201 1013 4260 autem
1043 4190 1222 4280 quaeritur'
1252 4195 1385 4275 26,15,

204 4299 355 4370 ‘dicimus
380 4300 482 4368 enim'
506 4307 771 4386 27,6ε541,14,
793 4307 889 4385 33,5,
911 4307 962 4384 41,
978 4305 1034 4383 21,
1056 4304 1107 4380 42,
1124 4305 1181 4381 31,
1204 4294 1388 4395 ‘apodue-
