3052 4958
681 235 900 296 ...50-

196 412 283 477 Nam
311 413 366 496 qui
391 412 650 475 consuetudinem
674 412 743 474 siue
767 431 817 489 ea,
846 430 927 494 quae
958 417 1091 494 excepta
1113 416 1202 494 sunt,
1230 430 1376 495 compre·

200 520 341 583 bendere
363 521 478 602 possis,
506 519 570 582 nisi
596 519 684 601 prius
712 520 867 582 rationem
896 518 946 581 uel
972 518 1097 600 regulas
1119 516 1281 601 generales
1304 536 1376 599 per-

201 625 344 709 ceperis?
390 627 443 688 An
472 625 675 689 censebimus
702 625 858 708 exemplis
887 626 1078 707 scriptorum
1106 623 1196 703 solie,
1223 623 1258 685 id
1288 624 1376 706 quod

200 732 362 796 Romanus
386 737 576 795 consecutus
605 738 664 812 est,
695 736 795 795 artem
823 731 1060 814 grammaticam
1085 730 1219 813 perlici?
1265 729 1378 793 Palae-

199 860 275 903 mon
294 858 369 903 uero
385 859 459 902 cum
472 840 590 902 rationi
604 844 672 901 tum
687 839 866 901 auctoritati
881 838 1070 921 scriptorum
1090 856 1217 920 operam
1232 838 1376 900 nauauit

289 945 476 1009 Adiciamus
500 965 600 1027 nunc,
633 963 715 1027 quae
744 945 883 1008 maxime
916 946 950 1006 in
972 945 1033 1008 hcc
1065 946 1170 1028 capite
1196 949 1379 1007 memoratu

201 1055 299 1136 digna
322 1052 479 1115 uidentur.
526 1052 635 1134 Atque
660 1050 690 1113 C.
715 1052 795 1115 Julii
814 1051 949 1116 Romani
966 1051 1075 1132 uerba,
1098 1056 1136 1115 ut
1158 1052 1234 1114 inde
1257 1051 1378 1130 ordiar,

200 1161 288 1223 hisce
310 1158 389 1221 locis
412 1175 538 1240 aspersa
562 1163 637 1220 sunt
660 1178 678 1220 a
702 1157 858 1239 Charisio,
881 1159 915 1221 id
939 1158 1025 1241 quod
1047 1159 1083 1220 iu
1106 1159 1215 1222 oculos
1238 1159 1379 1221 incurrit

197 1268 252 1330 uel
282 1266 384 1329 obiter
411 1264 544 1346 legenti:
573 1284 601 1346 p.
627 1266 724 1346 51,5;
750 1268 801 1343 53,
815 1269 959 1344 12-183
991 1268 1158 1346 56,4-7;
1184 1266 1376 1345 sto-143

202 1392 283 1456 quae
306 1372 345 1435 ab
368 1373 437 1455 ipso
462 1369 601 1434 Charisio
625 1371 766 1435 Romano
797 1373 963 1456 adsignata
989 1377 1073 1435 sunt.
1121 1370 1184 1447 Qui
1205 1372 1270 1434 loci
1290 1372 1379 1454 prio-

201 1499 268 1543 rem
291 1479 404 1562 capitis
427 1484 562 1562 partem,
592 1478 625 1539 in
650 1499 713 1560 qua
739 1480 906 1542 nominum
929 1480 1004 1541 ina
1028 1483 1058 1542 et
1087 1496 1104 1540 e
1132 1479 1379 1541 terminatorum

200 1587 331 1670 regulae
357 1584 496 1668 prolatae
525 1592 608 1665 sunt,
632 1586 782 1650 obtinent.
829 1584 977 1668 Namque
1005 1586 1097 1648 initio
1126 1585 1236 1668 capitis
1266 1582 1379 1648 Chari-

201 1695 282 1773 siuS,
313 1711 384 1754 cum
412 1692 446 1752 in
469 1692 590 1774 regulis
617 1692 891 1756 substantiuorum
918 1695 954 1754 in
978 1712 996 1754 a
1019 1711 1036 1754 e
1059 1693 1070 1754 i
1095 1710 1112 1753 c
1136 1713 1159 1755 u
1187 1692 1378 1755 exeuntium

201 1798 458 1879 transcribendis,
481 1803 519 1859 ut
537 1818 632 1881 supra
650 1800 753 1879 docui,
777 1818 870 1882 aegre
889 1819 922 1862 se
942 1804 1142 1880 sustentaret,
1167 1798 1321 1881 quoniam
1340 1798 1379 1861 fi-

200 1907 276 1969 liolo
300 1911 407 1985 artem,
432 1924 527 1987 quam
548 1911 654 1987 posset
670 1906 931 1989 perfectissimam
955 1903 1011 1969 suc
1032 1906 1163 1989 quidem
1182 1923 1269 1968 more
1286 1923 1379 1988 prae·

199 2012 275 2076 bere
293 2012 405 2093 uoluit,
435 2010 571 2074 Romani
602 2011 747 2075 breuiore
770 2014 995 2076 commentario
1019 2013 1175 2076 adductus
1199 2013 1295 2076 etiam
1314 2011 1379 2075 Ro-

201 2121 367 2182 manianae
401 2119 560 2182 doctrinae
598 2120 753 2182 rationem
788 2119 914 2198 habuit,
953 2125 1062 2204 postea
1094 2139 1171 2183 uero
1203 2119 1380 2183 multarum

201 2246 308 2290 rerum
333 2226 497 2290 affluentia
515 2225 661 2289 turbatus
680 2245 738 2288 uec
761 2225 942 2289 Romanum
964 2228 1106 2309 respexit
1128 2245 1188 2289 nec
1211 2225 1378 2290 Palaemo-

200 2336 252 2397 nis
275 2333 403 2414 librum,
426 2334 615 2416 primarium
637 2333 765 2412 fontem,
789 2335 949 2415 integrum
973 2333 1129 2397 exhausit.

291 2439 488 2522 Scriptorum
511 2442 546 2503 in
570 2441 631 2503 hcc
655 2440 754 2522 capite
773 2441 887 2522 ingens
906 2459 1058 2503 numerus
1076 2445 1203 2523 prostat.
1245 2438 1379 2515 Etenim

201 2545 372 2608 Palaemon
396 2565 471 2609 oum
495 2546 546 2607 hic
567 2538 713 2608 ‘nomina
735 2547 966 2629 nominumque
991 2549 1191 2629 quaestiones
1215 2551 1246 2610 et
1269 2547 1378 2610 catho-

200 2653 262 2715 lica
284 2671 377 2734 uaga,
409 2672 490 2734 quae
513 2653 686 2715 multarum
717 2653 1006 2716 controuersiarum
1037 2658 1179 2717 ueterem
1207 2655 1380 2737 caliginem

202 2753 409 2842 dissiparent'
427 2777 614 2842 percensere
631 2760 832 2841 institrusset,
851 2761 948 2823 etiam
964 2765 1109 2823 auctores
1124 2781 1221 2843 quam
1234 2762 1380 2824 maxime

200 2866 374 2949 respiceret
398 2867 544 2950 oportuit.
592 2865 674 2930 Sunt
701 2872 808 2930 autem
835 2868 1018 2951 scriptoreS,
1048 2887 1185 2950 quorum
1213 2866 1312 2930 uerba
1341 2869 1379 2930 in

201 2974 385 3056 exemplum
408 2978 522 3036 uocata
545 2977 633 3054 sunt,
662 2973 838 3036 secundina
860 2992 1029 3037 numerum
1052 2973 1270 3037 exhibitorum
1291 2973 1379 3037 loco-

200 3101 274 3144 rum
305 3081 354 3143 hi:
389 3080 566 3163 VergiliuS,
590 3078 693 3142 Varro
721 3078 889 3161 Reatinus,
922 3080 1070 3162 Plautus,
1102 3079 1282 3161 Terentius,
1314 3078 1380 3144 Lu-

202 3189 308 3268 ciliuS,
342 3186 467 3268 Cicero,
500 3185 576 3248 Cato
611 3184 794 3266 CensoriuS,
827 3185 1009 3269 Sallustius,
1041 3186 1181 3270 Ennius,
1213 3187 1380 3270 Horatius,

202 3293 346 3374 Ouidius,
370 3294 542 3373 Pacuuius,
566 3291 620 3356 Cn.
642 3291 764 3356 Gellius
784 3296 818 3375 (s.
832 3294 898 3356 VH
917 3315 942 3357 a.
957 3316 987 3359 u.
1003 3295 1050 3374 a),
1073 3292 1250 3376 Lucretius,
1269 3294 1381 3358 Aemi·

199 3400 263 3463 lius
287 3399 411 3480 Macer,
443 3399 610 3480 LaberiuS,
645 3397 676 3461 C.
704 3398 848 3464 Licinius
878 3401 1009 3482 Caluus,
1043 3399 1074 3463 C.
1100 3400 1234 3485 Valgius
1264 3400 1380 3482 Rufus,

202 3506 369 3569 Cornelius
390 3505 538 3587 Seuerus,
558 3505 590 3568 C.
611 3505 780 3589 Gracchus
804 3509 932 3591 Accius,
955 3507 1161 3592 Pomponius,
1186 3507 1218 3574 C.
1242 3508 1380 3572 Asinius

200 3613 313 3695 Pollio,
337 3613 499 3695 Afraniae,
524 3612 717 3696 Propertius
741 3615 881 3696 Persius
904 3614 1026 3697 Caesar,
1051 3613 1083 3680 C.
1104 3613 1243 3679 Heluius
1264 3614 1379 3699 Cinna,

200 3722 289 3784 Titus
322 3720 446 3801 Liuius,
478 3720 631 3802 Tibullus
665 3721 812 3805 Papirius
836 3721 1004 3803 Fabianus,
1037 3721 1163 3787 Coelius
1198 3723 1379 3806 Antipater,

196 3829 352 3908 Titinius,
382 3827 416 3904 Q.
441 3826 568 3891 Mucius
599 3826 765 3905 Scaeuola,
793 3828 827 3893 L.
853 3828 1019 3893 Cornelius
1047 3830 1195 3913 Sisenna,
1225 3829 1379 3894 Rabirius
1440 3871 1444 3878 -

200 3935 238 4019 (s.
262 3934 342 3998 vul
366 3955 391 3997 a.
415 3956 446 3998 u.
470 3932 518 4018 c),
543 3935 713 4017 Caecilius,
739 3935 906 4000 Coroebus
930 3936 1104 4020 Epicadus,
1130 3936 1289 4018 Catullus,
1312 3935 1380 4000 Do-

200 4043 311 4105 mitius
334 4041 472 4122 Marsus,
498 4040 529 4105 C.
553 4042 716 4123 Melissus,
740 4043 858 4127 Nepos,
884 4043 1009 4107 Marcus
1019 4043 1051 4127 1),
1084 4045 1187 4108 Varro
1211 4045 1380 4126 Atacinus,

292 4183 312 4252 ¹)
332 4181 390 4247 Quo
408 4181 495 4236 Marci
513 4199 611 4236 nomen
629 4184 733 4253 tendat,
757 4185 892 4238 incertum
915 4187 969 4250 est,
998 4184 1200 4239 Lindemannus
1219 4184 1379 4240 Ciceronem

202 4272 350 4326 excitatum
369 4287 428 4325 esse
448 4271 573 4338 opinatus
592 4275 642 4326 est.
907 4282 909 4287 ’
