3052 4958
655 494 698 510 .-.
744 457 785 518 27
833 492 879 511 .-.

174 637 249 700 dum
279 641 339 716 est,
371 635 577 718 gaudendum
607 638 667 713 est,
700 632 850 697 standum
877 633 954 694 mihi
983 636 1042 713 est,
1074 632 1271 696 ueniendum
1293 636 1348 694 est.

172 742 253 806 Item
275 763 293 806 e
316 743 474 805 55555515
494 791 500 803 .
521 791 527 802 .
548 735 567 803 ‚²
590 760 618 822 p.
643 741 718 820 254,
735 741 763 820 1,
791 739 849 802 ubi
873 740 911 802 de
935 738 1200 821 impersonalibus
1225 739 1349 821 quaeri-

172 855 233 929 tur,
256 851 334 912 haec
356 853 516 932 prostant:
538 839 640 910 ‘Nam
658 845 750 907 tertia
767 865 902 927 persona
920 849 1045 908 tantum
1064 845 1243 924 exauditur,
1264 844 1350 927 quod

173 955 235 1016 alio
258 954 327 1016 loco
351 954 477 1036 plenius
501 944 754 1031 adnotauimus'3
779 952 901 1015 scilicet
922 972 951 1034 p.
974 953 1204 1032 166,16-22;
1229 943 1350 1026 ‘Quae-

174 1060 248 1122 dam
275 1079 352 1123 uero
381 1062 450 1124 sine
477 1079 610 1143 persona
638 1059 738 1122 solam
764 1077 832 1121 rem
858 1077 915 1142 per
938 1063 1079 1143 tempora
1101 1058 1286 1138 ostendunt,
1314 1062 1351 1120 51

174 1168 325 1247 curritur,
359 1167 544 1247 currebatur
577 1171 729 1229 curretur.
784 1164 875 1228 Haec
907 1167 992 1228 enim
1023 1185 1083 1230 nee
1114 1165 1251 1251 pluralia
1281 1163 1351 1227 fieri

173 1293 277 1357 neque
296 1275 336 1336 ad
355 1293 523 1356 personam
540 1273 650 1337 referri
668 1278 824 1356 possunt.
841 1323 847 1334 .
864 1267 883 1334 .'
921 1271 1117 1337 Conferenda
1135 1278 1211 1336 sunt
1226 1278 1351 1356 praeter

174 1382 254 1444 alia:
287 1402 315 1464 p.
347 1381 645 1459 228,4;227,21;
673 1379 999 1459 247,18;247,13;
1026 1379 1349 1461 250,10;248,10;

174 1491 249 1572 254,
265 1492 304 1554 13
321 1511 327 1549 :
345 1491 419 1568 254,
435 1488 538 1564 5-83
559 1488 634 1567 254,
651 1487 691 1550 16
708 1507 715 1547 :
734 1487 806 1567 165,
822 1487 976 1566 25-32;“
990 1490 1064 1568 259,
1082 1489 1101 1551 8
1119 1508 1126 1550 :
1142 1488 1349 1568 257,15,26;

75 1680 79 1687 ¹
174 1596 520 1676 260,3;259,9-25;
538 1594 665 1670 261,33
678 1613 685 1654 :
698 1594 889 1672 257-261;
906 1595 980 1675 291,
993 1595 1137 1675 18:291,
1150 1595 1198 1656 11.
1225 1593 1257 1656 A
1271 1591 1350 1655 Cha-

173 1705 248 1766 risio
281 1703 380 1785 igitur
410 1701 473 1763 loci
504 1700 552 1762 illi
583 1699 704 1762 laudati
736 1719 801 1763 non
816 1774 819 1780 .
833 1705 915 1763 sunt.
962 1699 1108 1764 Primum
1136 1700 1221 1763 enim
1252 1699 1351 1762 uerba

173 1811 248 1890 ista,
282 1827 364 1891 quae
393 1808 433 1870 ad
461 1807 539 1870 alios
567 1809 711 1889 spectant
737 1806 832 1887 locos,
862 1805 1069 1871 Remmianae
1097 1807 1259 1870 doetrinae
1286 1810 1352 1867 tam

175 1919 242 1976 arte
273 1915 392 1976 inserta
424 1919 511 1994 5551,
542 1918 578 1975 51
611 1913 649 1975 de
677 1911 819 1976 Charisia
853 1915 992 1996 cogitare
1024 1913 1196 1996 prudenter
1227 1912 1350 1988 mittas,

175 2021 296 2093 deinde,
326 2020 411 2102 quod
434 2022 499 2082 iarn
522 2040 619 2102 supra
641 2020 764 2100 addidi,
794 2017 974 2101 Diomedes,
998 2024 1174 2104 excerptor,
1204 2019 1271 2098 alii,
1296 2018 1352 2100 qui

175 2126 311 2191 Charisii
326 2126 445 2190 librum
463 2147 529 2190 555
548 2131 794 2210 usurpauerunt,
804 2128 914 2190 eadem
928 2132 1097 2212 praecepta
1111 2143 1352 2208 nonmmrquam

174 2235 386 2312 tradiderunt3
421 2234 543 2297 aceedit
570 2235 711 2315 tertium,
745 2233 832 2316 quod
859 2234 989 2315 plenior,
1023 2253 1105 2317 quae
1136 2233 1278 2296 indicata
1306 2235 1353 2295 est

176 2341 318 2404 doctrina
349 2342 511 2403 interdius
543 2359 607 2402 non
639 2341 810 2403 inuenitur.
864 2338 1012 2423 Denique
1043 2342 1113 2424 ipsa
1142 2331 1277 2402 Charisii
1300 2338 1353 2401 de-

175 2446 334 2510 scribendi
356 2448 446 2527 ratio,
476 2466 572 2528 quam
595 2466 652 2516 suo
676 2446 753 2513 loco
768 2446 834 2507 iam
857 2446 1058 2529 denotauero,
1083 2465 1124 2509 ne
1147 2447 1176 2508 ei
1198 2446 1276 2507 haec
1299 2445 1354 2506 tri·

175 2553 320 2634 5555155,
345 2548 521 2631 dissuadet,
552 2552 718 2615 contrairi
741 2550 930 2635 Remmium,
956 2572 1053 2637 quem
1074 2553 1226 2614 memoria
1248 2569 1355 2615 rerum

176 2659 318 2722 homines
351 2661 472 2743 cepisse
505 2659 676 2723 Suetonius
708 2659 867 2741 adfirmat,
901 2680 938 2723 ea
970 2661 1087 2743 optime
1118 2659 1231 2722 cadere
1262 2657 1354 2720 155115

177 2767 338 2830 concedes.
385 2766 500 2849 Itaque
529 2786 548 2828 a
571 2765 762 2831 Palaemone
786 2768 878 2850 quasi
905 2768 974 2850 ipso
1003 2767 1044 2830 ad
1071 2767 1150 2830 cius.
1168 2765 1354 2844 doctrinam,

175 2874 233 2937 nbi
255 2875 448 2954 inueniatur,
473 2873 668 2936 deducimur.
714 2873 834 2937 Euenit
852 2875 948 2938 etiam
966 2878 1011 2953 ut,
1032 2892 1113 2957 5555
1133 2873 1285 2936 docturus
1304 2873 1354 2952 sit,

176 2982 211 3042 in
233 2981 336 3045 fronte
360 2982 500 3064 capitum
522 2980 655 3062 indicet,
683 2986 721 3044 ut
748 3001 776 3063 p.
801 2982 876 3061 262,
891 2979 949 3044 26τ
980 2973 1174 3055 ‘Qualitates
1200 2979 1354 3042 sermonis

178 3085 283 3149 Latini
307 3089 506 3167 certissimas,
536 3087 653 3169 quibus
677 3092 818 3170 tempora
841 3088 987 3170 copulata
1015 3105 1160 3150 sermone
1183 3090 1354 3149 conectun-

180 3198 241 3273 tur,
268 3194 345 3256 istas
376 3195 564 3276 accepimus,
596 3192 755 3256 finitiuam
783 3195 958 3276 optatiuam
984 3193 1223 3256 subiunctiuam
1253 3191 1301 3272 (cf.
1326 3213 1354 3274 p.

180 3301 289 3373 2266
309 3301 395 3381 555),
429 3319 508 3382 5555
539 3304 630 3363 55155
663 3300 810 3363 omnibus
843 3304 927 3365 certo
959 3302 1037 3381 scio,
1068 3300 1203 3382 ideoque
1232 3299 1270 3362 de
1297 3300 1356 3379 his,

180 3407 258 3490 quid
289 3425 434 3489 quaeque
467 3405 637 3490 significet,
669 3407 777 3489 simul,
812 3408 897 3489 quod
926 3428 990 3471 non
1018 3408 1158 3470 alienum
1181 3406 1220 3469 ab
1245 3425 1279 3469 re
1302 3412 1357 3487 est,

181 3518 322 3597 tempora
354 3533 482 3597 quoque
514 3514 620 3576 omnia
647 3515 836 3597 principalia
865 3520 897 3578 et
925 3533 1006 3598 5555
1036 3533 1077 3578 ex
1098 3514 1148 3576 his
1172 3513 1359 3577 deriuantur

180 3614 443 3706 explanabimus.³
491 3618 579 3695 Quae
610 3621 753 3684 indicata
785 3621 929 3684 doctrina
960 3641 980 3683 a
1007 3620 1212 3704 granunatico
1242 3622 1276 3683 15
1304 3621 1358 3701 515,

181 3747 265 3810 5555
287 3733 474 3811 sequuntur,
498 3729 735 3791 aceruatissime
759 3727 904 3792 absoluta
927 3733 983 3792 est.

272 3832 376 3909 Quam
398 3840 527 3898 secutus
556 3836 598 3897 sit
621 3833 793 3899 Palaemon
817 3836 1005 3918 disponendi
1031 3835 1195 3916 rationem,
1224 3853 1265 3897 ex
1287 3853 1358 3917 par-

184 3941 290 4003 ticulis
322 3942 385 4005 11115
418 3962 437 4004 5
468 3939 610 4005 Charisio
644 3943 674 4005 ei
706 3942 873 4024 adscriptis
907 3942 1016 4025 aliqua
1047 3947 1136 4025 parte
1169 3959 1359 4023 cognoscere

182 4066 359 4130 possumus.
406 4047 652 4113 Conirmctiones
672 4067 727 4112 eae
747 4047 877 4131 quidem
898 4070 927 4132 p.
956 4051 1105 4128 225555.
1130 4049 1269 4129 digestae
1286 4052 1361 4110 sunt

182 4155 246 4218 ita:
281 4154 474 4236 definitione,
503 4172 600 4239 quam
627 4176 646 4218 a
670 4153 813 4218 Charisio
841 4156 1016 4238 neglectam
1044 4173 1113 4220 esse
1141 4174 1237 4239 supra
1264 4176 1292 4239 p.
1317 4156 1360 4217 22

183 4263 308 4344 monui,
342 4267 374 4326 et
406 4282 487 4345 quae
519 4263 595 4326 huic
627 4263 777 4325 orationis
805 4263 886 4345 parti
917 4263 1097 4326 acciderent
1127 4261 1214 4342 (ordo
1237 4260 1361 4344 figura),

183 4369 364 4452 praemissis
389 4370 652 4433 coniunctionum
674 4369 819 4453 singulae
842 4371 962 4454 species
986 4374 1213 4433 enumerantur
1231 4387 1363 4451 unaque

184 4480 356 4559 potestates
375 4480 562 4554 exarantur,
588 4495 671 4559 5555
689 4495 766 4540 uero
785 4479 828 4541 sit
846 4496 956 4540 earum
974 4477 1025 4540 uis
1044 4495 1082 4540 55
1098 4480 1237 4561 potestas
1254 4495 1362 4541 exem-
