<?xml version="1.0" encoding="UTF-8"?>
<!DOCTYPE html PUBLIC "-//W3C//DTD XHTML 1.0 Transitional//EN"
    "http://www.w3.org/TR/xhtml1/DTD/xhtml1-transitional.dtd">
<html xmlns="http://www.w3.org/1999/xhtml" xml:lang="en" lang="en">
 <head>
  <title>
</title>
<meta http-equiv="Content-Type" content="text/html;charset=utf-8" />
  <meta name='ocr-system' content='tesseract 3.04.00' />
  <meta name='ocr-capabilities' content='ocr_page ocr_carea ocr_par ocr_line ocrx_word'/>
</head>
<body>
  <div class='ocr_page' id='page_1' title='image "./deqremmiipalaem00marsgoog_0062.png"; bbox 0 0 3052 4958; ppageno 0'>
   <div class='ocr_carea' id='block_1_1' title="bbox 655 477 875 537">
    <p class='ocr_par' dir='ltr' id='par_1_1' title="bbox 655 477 875 537">
     <span class='ocr_line' id='line_1_1' title="bbox 655 477 875 537; baseline -0.005 -16"><span class='ocrx_word' id='word_1_1' title='bbox 655 477 875 537; x_wconf 55' lang='grc' dir='ltr'>Β.57...</span> 
     </span>
    </p>
   </div>
   <div class='ocr_carea' id='block_1_2' title="bbox 67 646 1355 4588">
    <p class='ocr_par' dir='ltr' id='par_1_2' title="bbox 67 646 1355 4588">
     <span class='ocr_line' id='line_1_2' title="bbox 172 646 1348 738; baseline -0.002 -20"><span class='ocrx_word' id='word_1_2' title='bbox 172 656 287 738; x_wconf 80' lang='lat' dir='ltr'>quiem.</span> <span class='ocrx_word' id='word_1_3' title='bbox 340 653 450 717; x_wconf 81' lang='lat' dir='ltr'>Cicero</span> <span class='ocrx_word' id='word_1_4' title='bbox 483 657 590 716; x_wconf 88' lang='lat' dir='ltr'>autern</span> <span class='ocrx_word' id='word_1_5' title='bbox 621 653 714 715; x_wconf 87' lang='lat' dir='ltr'>aliter</span> <span class='ocrx_word' id='word_1_6' title='bbox 747 653 936 730; x_wconf 79' lang='lat' dir='ltr'>declinauit3</span> <span class='ocrx_word' id='word_1_7' title='bbox 970 652 1066 715; x_wconf 89' lang='lat' dir='ltr'>huius</span> <span class='ocrx_word' id='word_1_8' title='bbox 1097 646 1275 735; x_wconf 76' lang='lat' dir='ltr'>pernicies&#39;.</span> <span class='ocrx_word' id='word_1_9' title='bbox 1307 691 1348 698; x_wconf 81' lang='lat'>—</span> 
     </span>
     <span class='ocr_line' id='line_1_3' title="bbox 170 758 1350 845; baseline -0.003 -20"><span class='ocrx_word' id='word_1_10' title='bbox 170 760 210 824; x_wconf 92' lang='lat' dir='ltr'>ln</span> <span class='ocrx_word' id='word_1_11' title='bbox 230 763 285 843; x_wconf 90' lang='lat' dir='ltr'>eis,</span> <span class='ocrx_word' id='word_1_12' title='bbox 312 781 394 845; x_wconf 87' lang='lat' dir='ltr'>quae</span> <span class='ocrx_word' id='word_1_13' title='bbox 413 764 600 844; x_wconf 89' lang='lat' dir='ltr'>sequuntur,</span> <span class='ocrx_word' id='word_1_14' title='bbox 612 758 806 840; x_wconf 77' lang='lat' dir='ltr'>Palaemon,</span> <span class='ocrx_word' id='word_1_15' title='bbox 830 779 895 842; x_wconf 90' lang='lat' dir='ltr'>qua</span> <span class='ocrx_word' id='word_1_16' title='bbox 913 760 1036 823; x_wconf 90' lang='lat' dir='ltr'>ratione</span> <span class='ocrx_word' id='word_1_17' title='bbox 1055 758 1163 822; x_wconf 80' lang='lat' dir='ltr'>Cicero</span> <span class='ocrx_word' id='word_1_18' title='bbox 1186 761 1231 822; x_wconf 89' lang='lat' dir='ltr'>ita</span> <span class='ocrx_word' id='word_1_19' title='bbox 1254 759 1350 822; x_wconf 89' lang='lat' dir='ltr'>decli-</span> 
     </span>
     <span class='ocr_line' id='line_1_4' title="bbox 170 859 1350 952; baseline -0.001 -22"><span class='ocrx_word' id='word_1_20' title='bbox 170 869 306 950; x_wconf 90' lang='lat' dir='ltr'>nauerit,</span> <span class='ocrx_word' id='word_1_21' title='bbox 321 869 460 952; x_wconf 82' lang='lat' dir='ltr'>exponit.</span> <span class='ocrx_word' id='word_1_22' title='bbox 486 865 630 941; x_wconf 78' lang='lat' dir='ltr'>Quorum</span> <span class='ocrx_word' id='word_1_23' title='bbox 643 865 807 930; x_wconf 89' lang='lat' dir='ltr'>Romanus</span> <span class='ocrx_word' id='word_1_24' title='bbox 821 887 849 949; x_wconf 90' lang='lat' dir='ltr'>p.</span> <span class='ocrx_word' id='word_1_25' title='bbox 873 867 973 947; x_wconf 80' lang='lat'>142,3</span> <span class='ocrx_word' id='word_1_26' title='bbox 991 866 1069 929; x_wconf 88' lang='lat' dir='ltr'>haec</span> <span class='ocrx_word' id='word_1_27' title='bbox 1082 868 1216 950; x_wconf 89' lang='lat' dir='ltr'>recepit:</span> <span class='ocrx_word' id='word_1_28' title='bbox 1236 859 1350 941; x_wconf 79' lang='lat' dir='ltr'>‘Quies</span> 
     </span>
     <span class='ocr_line' id='line_1_5' title="bbox 173 972 1350 1058; baseline -0.001 -20"><span class='ocrx_word' id='word_1_29' title='bbox 173 976 290 1058; x_wconf 86' lang='lat' dir='ltr'>quietis</span> <span class='ocrx_word' id='word_1_30' title='bbox 312 975 402 1056; x_wconf 87' lang='lat' dir='ltr'>facit,</span> <span class='ocrx_word' id='word_1_31' title='bbox 434 992 506 1036; x_wconf 87' lang='lat' dir='ltr'>cum</span> <span class='ocrx_word' id='word_1_32' title='bbox 535 992 568 1036; x_wconf 87' lang='lat' dir='ltr'>es</span> <span class='ocrx_word' id='word_1_33' title='bbox 596 973 750 1056; x_wconf 87' lang='lat' dir='ltr'>producta</span> <span class='ocrx_word' id='word_1_34' title='bbox 772 972 865 1036; x_wconf 88' lang='lat' dir='ltr'>finita</span> <span class='ocrx_word' id='word_1_35' title='bbox 886 975 1017 1035; x_wconf 87' lang='lat' dir='ltr'>nomina</span> <span class='ocrx_word' id='word_1_36' title='bbox 1039 975 1224 1056; x_wconf 84' lang='lat' dir='ltr'>genetiuum</span> <span class='ocrx_word' id='word_1_37' title='bbox 1248 975 1277 1036; x_wconf 91' lang='lat' dir='ltr'>ei</span> <span class='ocrx_word' id='word_1_38' title='bbox 1300 993 1350 1037; x_wconf 88' lang='lat' dir='ltr'>so-</span> 
     </span>
     <span class='ocr_line' id='line_1_6' title="bbox 171 1079 1350 1163; baseline -0.002 -19"><span class='ocrx_word' id='word_1_39' title='bbox 171 1079 258 1145; x_wconf 89' lang='lat' dir='ltr'>leant</span> <span class='ocrx_word' id='word_1_40' title='bbox 288 1082 467 1161; x_wconf 83' lang='lat' dir='ltr'>terminare,</span> <span class='ocrx_word' id='word_1_41' title='bbox 499 1085 536 1143; x_wconf 90' lang='lat' dir='ltr'>ut</span> <span class='ocrx_word' id='word_1_42' title='bbox 569 1080 637 1143; x_wconf 89' lang='lat' dir='ltr'>dies</span> <span class='ocrx_word' id='word_1_43' title='bbox 665 1082 749 1144; x_wconf 90' lang='lat' dir='ltr'>acies</span> <span class='ocrx_word' id='word_1_44' title='bbox 780 1081 941 1159; x_wconf 84' lang='lat' dir='ltr'>luxuries3</span> <span class='ocrx_word' id='word_1_45' title='bbox 976 1081 1066 1163; x_wconf 89' lang='lat' dir='ltr'>quod</span> <span class='ocrx_word' id='word_1_46' title='bbox 1095 1085 1201 1143; x_wconf 89' lang='lat' dir='ltr'>tamen</span> <span class='ocrx_word' id='word_1_47' title='bbox 1232 1099 1350 1144; x_wconf 87' lang='lat' dir='ltr'>nomen</span> 
     </span>
     <span class='ocr_line' id='line_1_7' title="bbox 170 1179 1350 1271; baseline 0.001 -20"><span class='ocrx_word' id='word_1_48' title='bbox 170 1187 282 1251; x_wconf 86' lang='lat' dir='ltr'>iuncta</span> <span class='ocrx_word' id='word_1_49' title='bbox 304 1187 537 1271; x_wconf 82' lang='lat' dir='ltr'>praepositione</span> <span class='ocrx_word' id='word_1_50' title='bbox 559 1188 593 1248; x_wconf 91' lang='lat' dir='ltr'>in</span> <span class='ocrx_word' id='word_1_51' title='bbox 617 1188 762 1269; x_wconf 82' lang='lat' dir='ltr'>regulam</span> <span class='ocrx_word' id='word_1_52' title='bbox 784 1187 879 1268; x_wconf 90' lang='lat' dir='ltr'>redit,</span> <span class='ocrx_word' id='word_1_53' title='bbox 902 1192 939 1250; x_wconf 93' lang='lat' dir='ltr'>ut</span> <span class='ocrx_word' id='word_1_54' title='bbox 962 1185 1066 1250; x_wconf 88' lang='lat' dir='ltr'>Maro:</span> <span class='ocrx_word' id='word_1_55' title='bbox 1097 1179 1258 1270; x_wconf 85' lang='lat' dir='ltr'>‘requiem</span> <span class='ocrx_word' id='word_1_56' title='bbox 1281 1207 1350 1270; x_wconf 85' lang='lat' dir='ltr'>spa-</span> 
     </span>
     <span class='ocr_line' id='line_1_8' title="bbox 171 1287 1350 1377; baseline 0.002 -21"><span class='ocrx_word' id='word_1_57' title='bbox 171 1294 316 1377; x_wconf 89' lang='lat' dir='ltr'>tiumque</span> <span class='ocrx_word' id='word_1_58' title='bbox 352 1287 476 1356; x_wconf 78' lang='lat' dir='ltr'>furori&#39;.</span> <span class='ocrx_word' id='word_1_59' title='bbox 533 1291 735 1376; x_wconf 75' lang='lat' dir='ltr'>Quamquam</span> <span class='ocrx_word' id='word_1_60' title='bbox 771 1292 878 1357; x_wconf 80' lang='lat' dir='ltr'>Cicero</span> <span class='ocrx_word' id='word_1_61' title='bbox 915 1296 1092 1377; x_wconf 82' lang='lat' dir='ltr'>requietem</span> <span class='ocrx_word' id='word_1_62' title='bbox 1128 1294 1249 1357; x_wconf 81' lang='lat' dir='ltr'>dixisse</span> <span class='ocrx_word' id='word_1_63' title='bbox 1284 1313 1350 1358; x_wconf 87' lang='lat' dir='ltr'>me-</span> 
     </span>
     <span class='ocr_line' id='line_1_9' title="bbox 172 1394 1351 1484; baseline 0.001 -21"><span class='ocrx_word' id='word_1_64' title='bbox 172 1394 335 1464; x_wconf 80' lang='lat' dir='ltr'>moretur&#39;.</span> <span class='ocrx_word' id='word_1_65' title='bbox 369 1439 411 1446; x_wconf 85' lang='lat'>—</span> <span class='ocrx_word' id='word_1_66' title='bbox 444 1400 519 1464; x_wconf 91' lang='lat' dir='ltr'>Jam</span> <span class='ocrx_word' id='word_1_67' title='bbox 551 1420 609 1464; x_wconf 91' lang='lat' dir='ltr'>cur</span> <span class='ocrx_word' id='word_1_68' title='bbox 641 1399 751 1464; x_wconf 85' lang='lat' dir='ltr'>Cicero</span> <span class='ocrx_word' id='word_1_69' title='bbox 787 1395 998 1484; x_wconf 75' lang='lat' dir='ltr'>‘requietem&#39;</span> <span class='ocrx_word' id='word_1_70' title='bbox 1030 1402 1160 1483; x_wconf 83' lang='lat' dir='ltr'>dixerit,</span> <span class='ocrx_word' id='word_1_71' title='bbox 1197 1401 1231 1464; x_wconf 91' lang='lat' dir='ltr'>id</span> <span class='ocrx_word' id='word_1_72' title='bbox 1265 1401 1351 1483; x_wconf 89' lang='lat' dir='ltr'>quod</span> 
     </span>
     <span class='ocr_line' id='line_1_10' title="bbox 173 1505 1350 1592; baseline -0.001 -22"><span class='ocrx_word' id='word_1_73' title='bbox 173 1505 347 1572; x_wconf 82' lang='lat' dir='ltr'>Palaemon</span> <span class='ocrx_word' id='word_1_74' title='bbox 375 1529 404 1591; x_wconf 91' lang='lat' dir='ltr'>p.</span> <span class='ocrx_word' id='word_1_75' title='bbox 425 1510 466 1571; x_wconf 83' lang='lat'>69</span> <span class='ocrx_word' id='word_1_76' title='bbox 495 1508 607 1571; x_wconf 87' lang='lat' dir='ltr'>subtili</span> <span class='ocrx_word' id='word_1_77' title='bbox 633 1509 756 1571; x_wconf 86' lang='lat' dir='ltr'>ratione</span> <span class='ocrx_word' id='word_1_78' title='bbox 785 1511 986 1591; x_wconf 77' lang='lat' dir='ltr'>exsequitur,</span> <span class='ocrx_word' id='word_1_79' title='bbox 1018 1507 1181 1572; x_wconf 90' lang='lat' dir='ltr'>Romanus</span> <span class='ocrx_word' id='word_1_80' title='bbox 1212 1512 1350 1592; x_wconf 89' lang='lat' dir='ltr'>praeter-</span> 
     </span>
     <span class='ocr_line' id='line_1_11' title="bbox 171 1613 1352 1699; baseline 0 -23"><span class='ocrx_word' id='word_1_81' title='bbox 171 1615 265 1677; x_wconf 88' lang='lat' dir='ltr'>misit.</span> <span class='ocrx_word' id='word_1_82' title='bbox 291 1652 333 1660; x_wconf 80' lang='grc'><strong>-</strong></span> <span class='ocrx_word' id='word_1_83' title='bbox 359 1613 483 1689; x_wconf 78' lang='lat' dir='ltr'>Quibus</span> <span class='ocrx_word' id='word_1_84' title='bbox 508 1615 662 1698; x_wconf 80' lang='lat' dir='ltr'>exemplis</span> <span class='ocrx_word' id='word_1_85' title='bbox 686 1616 762 1679; x_wconf 91' lang='lat' dir='ltr'>satis</span> <span class='ocrx_word' id='word_1_86' title='bbox 787 1635 938 1699; x_wconf 89' lang='lat' dir='ltr'>apparere</span> <span class='ocrx_word' id='word_1_87' title='bbox 951 1651 953 1657; x_wconf 71' lang='lat'>,</span> <span class='ocrx_word' id='word_1_88' title='bbox 966 1617 1148 1698; x_wconf 89' lang='lat' dir='ltr'>putauerim</span> <span class='ocrx_word' id='word_1_89' title='bbox 1170 1613 1352 1678; x_wconf 89' lang='lat' dir='ltr'>Romanum</span> 
     </span>
     <span class='ocr_line' id='line_1_12' title="bbox 172 1718 1351 1806; baseline -0.002 -22"><span class='ocrx_word' id='word_1_90' title='bbox 172 1718 375 1793; x_wconf 87' lang='lat' dir='ltr'>Palaemonis</span> <span class='ocrx_word' id='word_1_91' title='bbox 404 1721 582 1784; x_wconf 87' lang='lat' dir='ltr'>doctrinam</span> <span class='ocrx_word' id='word_1_92' title='bbox 613 1723 827 1806; x_wconf 87' lang='lat' dir='ltr'>occupauisse.</span> <span class='ocrx_word' id='word_1_93' title='bbox 875 1721 1022 1786; x_wconf 81' lang='lat' dir='ltr'>Ceterum</span> <span class='ocrx_word' id='word_1_94' title='bbox 1049 1722 1153 1785; x_wconf 88' lang='lat' dir='ltr'>eidem</span> <span class='ocrx_word' id='word_1_95' title='bbox 1183 1722 1351 1803; x_wconf 82' lang='lat' dir='ltr'>scriptores</span> 
     </span>
     <span class='ocr_line' id='line_1_13' title="bbox 173 1828 1351 1912; baseline -0.001 -22"><span class='ocrx_word' id='word_1_96' title='bbox 173 1834 267 1912; x_wconf 90' lang='lat' dir='ltr'>atque</span> <span class='ocrx_word' id='word_1_97' title='bbox 291 1829 370 1892; x_wconf 92' lang='lat' dir='ltr'>adeo</span> <span class='ocrx_word' id='word_1_98' title='bbox 398 1829 473 1892; x_wconf 89' lang='lat' dir='ltr'>libri</span> <span class='ocrx_word' id='word_1_99' title='bbox 497 1829 636 1912; x_wconf 82' lang='lat' dir='ltr'>exempli</span> <span class='ocrx_word' id='word_1_100' title='bbox 664 1848 761 1891; x_wconf 88' lang='lat' dir='ltr'>causa</span> <span class='ocrx_word' id='word_1_101' title='bbox 788 1831 891 1912; x_wconf 88' lang='lat' dir='ltr'>posita</span> <span class='ocrx_word' id='word_1_102' title='bbox 915 1834 991 1892; x_wconf 90' lang='lat' dir='ltr'>sunt</span> <span class='ocrx_word' id='word_1_103' title='bbox 1015 1850 1035 1892; x_wconf 90' lang='lat' dir='ltr'>a</span> <span class='ocrx_word' id='word_1_104' title='bbox 1057 1829 1211 1910; x_wconf 87' lang='lat' dir='ltr'>Romano,</span> <span class='ocrx_word' id='word_1_105' title='bbox 1241 1828 1296 1910; x_wconf 91' lang='lat' dir='ltr'>qui</span> <span class='ocrx_word' id='word_1_106' title='bbox 1320 1833 1351 1890; x_wconf 87' lang='grc'>61</span> 
     </span>
     <span class='ocr_line' id='line_1_14' title="bbox 173 1934 1353 2018; baseline -0.002 -20"><span class='ocrx_word' id='word_1_107' title='bbox 173 1935 410 2000; x_wconf 86' lang='lat' dir='ltr'>aPalaemone.</span> <span class='ocrx_word' id='word_1_108' title='bbox 453 1934 516 1999; x_wconf 79' lang='lat' dir='ltr'>Sed</span> <span class='ocrx_word' id='word_1_109' title='bbox 541 1937 694 2018; x_wconf 92' lang='lat' dir='ltr'>quoniam</span> <span class='ocrx_word' id='word_1_110' title='bbox 716 1936 880 2000; x_wconf 90' lang='lat' dir='ltr'>Romanus</span> <span class='ocrx_word' id='word_1_111' title='bbox 903 1937 990 2000; x_wconf 89' lang='lat' dir='ltr'>illius</span> <span class='ocrx_word' id='word_1_112' title='bbox 1014 1936 1190 2000; x_wconf 84' lang='lat' dir='ltr'>doctrinam</span> <span class='ocrx_word' id='word_1_113' title='bbox 1212 1936 1353 1998; x_wconf 88' lang='lat' dir='ltr'>mutauit</span> 
     </span>
     <span class='ocr_line' id='line_1_15' title="bbox 173 2043 1351 2127; baseline -0.002 -21"><span class='ocrx_word' id='word_1_114' title='bbox 173 2047 268 2127; x_wconf 89' lang='lat' dir='ltr'>atque</span> <span class='ocrx_word' id='word_1_115' title='bbox 295 2045 331 2106; x_wconf 91' lang='lat' dir='ltr'>in</span> <span class='ocrx_word' id='word_1_116' title='bbox 360 2044 492 2107; x_wconf 88' lang='lat' dir='ltr'>breuius</span> <span class='ocrx_word' id='word_1_117' title='bbox 521 2046 692 2125; x_wconf 81' lang='lat' dir='ltr'>contraxit,</span> <span class='ocrx_word' id='word_1_118' title='bbox 724 2045 784 2106; x_wconf 82' lang='lat' dir='ltr'>uix</span> <span class='ocrx_word' id='word_1_119' title='bbox 808 2044 1045 2124; x_wconf 74' lang='lat' dir='ltr'>diiudicaueris,</span> <span class='ocrx_word' id='word_1_120' title='bbox 1068 2043 1125 2106; x_wconf 91' lang='lat' dir='ltr'>ubi</span> <span class='ocrx_word' id='word_1_121' title='bbox 1148 2043 1351 2106; x_wconf 88' lang='lat' dir='ltr'>Palaemonis</span> 
     </span>
     <span class='ocr_line' id='line_1_16' title="bbox 172 2147 1351 2235; baseline -0.002 -23"><span class='ocrx_word' id='word_1_122' title='bbox 172 2156 338 2235; x_wconf 87' lang='lat' dir='ltr'>praecepta</span> <span class='ocrx_word' id='word_1_123' title='bbox 370 2151 410 2213; x_wconf 92' lang='lat' dir='ltr'>ab</span> <span class='ocrx_word' id='word_1_124' title='bbox 443 2170 479 2214; x_wconf 92' lang='grc'>66</span> <span class='ocrx_word' id='word_1_125' title='bbox 513 2151 656 2213; x_wconf 90' lang='lat' dir='ltr'>adhibita</span> <span class='ocrx_word' id='word_1_126' title='bbox 688 2152 766 2231; x_wconf 88' lang='lat' dir='ltr'>sint,</span> <span class='ocrx_word' id='word_1_127' title='bbox 798 2152 862 2213; x_wconf 89' lang='lat' dir='ltr'>nisi</span> <span class='ocrx_word' id='word_1_128' title='bbox 895 2148 1057 2213; x_wconf 82' lang='lat' dir='ltr'>Charisius</span> <span class='ocrx_word' id='word_1_129' title='bbox 1088 2153 1124 2212; x_wconf 91' lang='lat' dir='ltr'>in</span> <span class='ocrx_word' id='word_1_130' title='bbox 1156 2151 1257 2233; x_wconf 86' lang='lat' dir='ltr'>capite</span> <span class='ocrx_word' id='word_1_131' title='bbox 1284 2147 1351 2210; x_wconf 84' lang='lat' dir='ltr'>XV</span> 
     </span>
     <span class='ocr_line' id='line_1_17' title="bbox 173 2257 1352 2340; baseline -0.002 -21"><span class='ocrx_word' id='word_1_132' title='bbox 173 2258 311 2320; x_wconf 88' lang='lat' dir='ltr'>eundem</span> <span class='ocrx_word' id='word_1_133' title='bbox 344 2258 570 2321; x_wconf 89' lang='lat' dir='ltr'>Palaemonem</span> <span class='ocrx_word' id='word_1_134' title='bbox 607 2257 790 2339; x_wconf 80' lang='lat' dir='ltr'>diligentius</span> <span class='ocrx_word' id='word_1_135' title='bbox 827 2258 1057 2340; x_wconf 84' lang='lat' dir='ltr'>exscripsisset.</span> <span class='ocrx_word' id='word_1_136' title='bbox 1115 2257 1228 2340; x_wconf 89' lang='lat' dir='ltr'>Neque</span> <span class='ocrx_word' id='word_1_137' title='bbox 1266 2257 1352 2320; x_wconf 88' lang='lat' dir='ltr'>enim</span> 
     </span>
     <span class='ocr_line' id='line_1_18' title="bbox 157 2359 1351 2447; baseline 0.001 -23"><span class='ocrx_word' id='word_1_138' title='bbox 157 2359 337 2426; x_wconf 73' lang='lat' dir='ltr'>Romanus</span> <span class='ocrx_word' id='word_1_139' title='bbox 369 2364 569 2429; x_wconf 87' lang='lat' dir='ltr'>Palaemonis</span> <span class='ocrx_word' id='word_1_140' title='bbox 601 2384 718 2426; x_wconf 89' lang='lat' dir='ltr'>nomen</span> <span class='ocrx_word' id='word_1_141' title='bbox 749 2384 902 2447; x_wconf 90' lang='lat' dir='ltr'>umquam</span> <span class='ocrx_word' id='word_1_142' title='bbox 934 2364 1057 2426; x_wconf 87' lang='lat' dir='ltr'>addidit</span> <span class='ocrx_word' id='word_1_143' title='bbox 1085 2383 1122 2426; x_wconf 88' lang='lat' dir='ltr'>ea</span> <span class='ocrx_word' id='word_1_144' title='bbox 1148 2365 1281 2426; x_wconf 86' lang='lat' dir='ltr'>forsitan</span> <span class='ocrx_word' id='word_1_145' title='bbox 1312 2362 1351 2425; x_wconf 91' lang='lat' dir='ltr'>de</span> 
     </span>
     <span class='ocr_line' id='line_1_19' title="bbox 176 2470 1351 2553; baseline 0.002 -22"><span class='ocrx_word' id='word_1_146' title='bbox 176 2487 283 2552; x_wconf 87' lang='lat' dir='ltr'>causa,</span> <span class='ocrx_word' id='word_1_147' title='bbox 317 2471 403 2553; x_wconf 89' lang='lat' dir='ltr'>quod</span> <span class='ocrx_word' id='word_1_148' title='bbox 433 2470 633 2533; x_wconf 86' lang='lat' dir='ltr'>Palaemonis</span> <span class='ocrx_word' id='word_1_149' title='bbox 667 2491 731 2552; x_wconf 90' lang='lat' dir='ltr'>ars,</span> <span class='ocrx_word' id='word_1_150' title='bbox 770 2489 844 2533; x_wconf 91' lang='lat' dir='ltr'>cum</span> <span class='ocrx_word' id='word_1_151' title='bbox 875 2472 908 2532; x_wconf 92' lang='lat' dir='ltr'>in</span> <span class='ocrx_word' id='word_1_152' title='bbox 940 2470 1140 2552; x_wconf 74' lang='lat' dir='ltr'>frequentem</span> <span class='ocrx_word' id='word_1_153' title='bbox 1171 2470 1351 2533; x_wconf 88' lang='lat' dir='ltr'>scholarum</span> 
     </span>
     <span class='ocr_line' id='line_1_20' title="bbox 174 2577 1350 2660; baseline 0.001 -23"><span class='ocrx_word' id='word_1_154' title='bbox 174 2595 270 2638; x_wconf 90' lang='lat' dir='ltr'>usum</span> <span class='ocrx_word' id='word_1_155' title='bbox 292 2577 444 2659; x_wconf 87' lang='lat' dir='ltr'>uenisset,</span> <span class='ocrx_word' id='word_1_156' title='bbox 474 2579 604 2641; x_wconf 90' lang='lat' dir='ltr'>nomine</span> <span class='ocrx_word' id='word_1_157' title='bbox 632 2579 700 2640; x_wconf 92' lang='lat' dir='ltr'>eius</span> <span class='ocrx_word' id='word_1_158' title='bbox 725 2577 849 2660; x_wconf 90' lang='lat' dir='ltr'>dempto</span> <span class='ocrx_word' id='word_1_159' title='bbox 874 2577 954 2639; x_wconf 90' lang='lat' dir='ltr'>liber</span> <span class='ocrx_word' id='word_1_160' title='bbox 976 2577 1124 2660; x_wconf 90' lang='lat' dir='ltr'>publicus</span> <span class='ocrx_word' id='word_1_161' title='bbox 1148 2595 1185 2639; x_wconf 91' lang='lat' dir='ltr'>ac</span> <span class='ocrx_word' id='word_1_162' title='bbox 1209 2595 1350 2638; x_wconf 89' lang='lat' dir='ltr'>commu-</span> 
     </span>
     <span class='ocr_line' id='line_1_21' title="bbox 174 2683 1350 2767; baseline -0.001 -22"><span class='ocrx_word' id='word_1_163' title='bbox 174 2684 225 2746; x_wconf 89' lang='lat' dir='ltr'>nis</span> <span class='ocrx_word' id='word_1_164' title='bbox 255 2683 358 2748; x_wconf 86' lang='lat' dir='ltr'>factus</span> <span class='ocrx_word' id='word_1_165' title='bbox 390 2689 464 2748; x_wconf 92' lang='lat' dir='ltr'>erat.</span> <span class='ocrx_word' id='word_1_166' title='bbox 511 2684 641 2755; x_wconf 88' lang='lat' dir='ltr'>Praeter</span> <span class='ocrx_word' id='word_1_167' title='bbox 672 2685 871 2749; x_wconf 87' lang='lat' dir='ltr'>Palaemonis</span> <span class='ocrx_word' id='word_1_168' title='bbox 905 2689 1011 2747; x_wconf 88' lang='lat' dir='ltr'>autem</span> <span class='ocrx_word' id='word_1_169' title='bbox 1044 2684 1150 2767; x_wconf 90' lang='lat' dir='ltr'>copias</span> <span class='ocrx_word' id='word_1_170' title='bbox 1182 2684 1350 2767; x_wconf 90' lang='lat' dir='ltr'>praecipue</span> 
     </span>
     <span class='ocr_line' id='line_1_22' title="bbox 173 2787 1351 2876; baseline 0.001 -24"><span class='ocrx_word' id='word_1_171' title='bbox 173 2787 317 2854; x_wconf 91' lang='lat' dir='ltr'>Plinium</span> <span class='ocrx_word' id='word_1_172' title='bbox 346 2794 515 2876; x_wconf 89' lang='lat' dir='ltr'>usurpauit</span> <span class='ocrx_word' id='word_1_173' title='bbox 537 2792 713 2869; x_wconf 79' lang='lat' dir='ltr'>Romanus3</span> <span class='ocrx_word' id='word_1_174' title='bbox 744 2792 831 2854; x_wconf 86' lang='lat' dir='ltr'>unde</span> <span class='ocrx_word' id='word_1_175' title='bbox 858 2793 997 2874; x_wconf 85' lang='lat' dir='ltr'>integras</span> <span class='ocrx_word' id='word_1_176' title='bbox 1024 2790 1194 2874; x_wconf 85' lang='lat' dir='ltr'>particulas</span> <span class='ocrx_word' id='word_1_177' title='bbox 1222 2792 1351 2853; x_wconf 86' lang='lat' dir='ltr'>nomino</span> 
     </span>
     <span class='ocr_line' id='line_1_23' title="bbox 173 2888 1351 2983; baseline -0.003 -23"><span class='ocrx_word' id='word_1_178' title='bbox 173 2899 314 2982; x_wconf 90' lang='lat' dir='ltr'>apposito</span> <span class='ocrx_word' id='word_1_179' title='bbox 347 2900 466 2983; x_wconf 90' lang='lat' dir='ltr'>recepit</span> <span class='ocrx_word' id='word_1_180' title='bbox 498 2919 589 2962; x_wconf 91' lang='lat' dir='ltr'>suam</span> <span class='ocrx_word' id='word_1_181' title='bbox 621 2899 812 2962; x_wconf 89' lang='lat' dir='ltr'>sententiam</span> <span class='ocrx_word' id='word_1_182' title='bbox 847 2901 950 2961; x_wconf 91' lang='lat' dir='ltr'>rarius</span> <span class='ocrx_word' id='word_1_183' title='bbox 983 2888 1134 2960; x_wconf 82' lang='lat' dir='ltr'>adferens.</span> <span class='ocrx_word' id='word_1_184' title='bbox 1190 2896 1254 2960; x_wconf 92' lang='lat' dir='ltr'>Hic</span> <span class='ocrx_word' id='word_1_185' title='bbox 1285 2897 1351 2958; x_wconf 89' lang='lat' dir='ltr'>illic</span> 
     </span>
     <span class='ocr_line' id='line_1_24' title="bbox 67 2987 1352 3087; baseline -0.002 -21"><span class='ocrx_word' id='word_1_186' title='bbox 67 2987 72 2998; x_wconf 48' lang='lat'><strong>⁴</strong></span> <span class='ocrx_word' id='word_1_187' title='bbox 173 3006 268 3068; x_wconf 87' lang='lat' dir='ltr'>etiam</span> <span class='ocrx_word' id='word_1_188' title='bbox 295 3005 421 3087; x_wconf 91' lang='lat' dir='ltr'>incidit,</span> <span class='ocrx_word' id='word_1_189' title='bbox 454 3011 492 3068; x_wconf 91' lang='lat' dir='ltr'>ut</span> <span class='ocrx_word' id='word_1_190' title='bbox 518 3005 617 3067; x_wconf 89' lang='lat' dir='ltr'>Plinii</span> <span class='ocrx_word' id='word_1_191' title='bbox 650 3005 794 3068; x_wconf 90' lang='lat' dir='ltr'>doctrina</span> <span class='ocrx_word' id='word_1_192' title='bbox 825 3026 899 3068; x_wconf 91' lang='lat' dir='ltr'>cum</span> <span class='ocrx_word' id='word_1_193' title='bbox 928 3006 1120 3069; x_wconf 90' lang='lat' dir='ltr'>Palaemone</span> <span class='ocrx_word' id='word_1_194' title='bbox 1149 3005 1257 3087; x_wconf 87' lang='lat' dir='ltr'>capitis</span> <span class='ocrx_word' id='word_1_195' title='bbox 1286 2996 1352 3066; x_wconf 84' lang='lat' dir='ltr'>XV</span> 
     </span>
     <span class='ocr_line' id='line_1_25' title="bbox 175 3110 1351 3196; baseline 0 -24"><span class='ocrx_word' id='word_1_196' title='bbox 175 3113 351 3175; x_wconf 88' lang='lat' dir='ltr'>conueniat.</span> <span class='ocrx_word' id='word_1_197' title='bbox 389 3111 504 3196; x_wconf 90' lang='lat' dir='ltr'>Neque</span> <span class='ocrx_word' id='word_1_198' title='bbox 527 3117 632 3175; x_wconf 92' lang='lat' dir='ltr'>tamen</span> <span class='ocrx_word' id='word_1_199' title='bbox 655 3112 858 3175; x_wconf 86' lang='lat' dir='ltr'>statuendum</span> <span class='ocrx_word' id='word_1_200' title='bbox 882 3117 938 3193; x_wconf 88' lang='lat' dir='ltr'>est,</span> <span class='ocrx_word' id='word_1_201' title='bbox 962 3112 1184 3175; x_wconf 89' lang='lat' dir='ltr'>Palaemonem</span> <span class='ocrx_word' id='word_1_202' title='bbox 1208 3131 1226 3172; x_wconf 93' lang='lat' dir='ltr'>a</span> <span class='ocrx_word' id='word_1_203' title='bbox 1246 3110 1351 3173; x_wconf 92' lang='lat' dir='ltr'>Plinio</span> 
     </span>
     <span class='ocr_line' id='line_1_26' title="bbox 173 3216 1351 3303; baseline -0.001 -24"><span class='ocrx_word' id='word_1_204' title='bbox 173 3217 318 3299; x_wconf 87' lang='lat' dir='ltr'>pendere.</span> <span class='ocrx_word' id='word_1_205' title='bbox 374 3218 519 3303; x_wconf 90' lang='lat' dir='ltr'>Namque</span> <span class='ocrx_word' id='word_1_206' title='bbox 552 3218 738 3299; x_wconf 88' lang='lat' dir='ltr'>Palaemon,</span> <span class='ocrx_word' id='word_1_207' title='bbox 774 3218 832 3281; x_wconf 90' lang='lat' dir='ltr'>ubi</span> <span class='ocrx_word' id='word_1_208' title='bbox 865 3216 963 3280; x_wconf 90' lang='lat' dir='ltr'>Plinii</span> <span class='ocrx_word' id='word_1_209' title='bbox 996 3217 1171 3281; x_wconf 83' lang='lat' dir='ltr'>doctrinam</span> <span class='ocrx_word' id='word_1_210' title='bbox 1203 3218 1351 3299; x_wconf 81' lang='lat' dir='ltr'>respexit,</span> 
     </span>
     <span class='ocr_line' id='line_1_27' title="bbox 173 3323 1351 3406; baseline 0 -22"><span class='ocrx_word' id='word_1_211' title='bbox 173 3341 289 3387; x_wconf 89' lang='lat' dir='ltr'>nomen</span> <span class='ocrx_word' id='word_1_212' title='bbox 313 3327 382 3389; x_wconf 91' lang='lat' dir='ltr'>eius</span> <span class='ocrx_word' id='word_1_213' title='bbox 405 3328 520 3391; x_wconf 87' lang='lat' dir='ltr'>attulit.</span> <span class='ocrx_word' id='word_1_214' title='bbox 567 3324 713 3389; x_wconf 81' lang='lat' dir='ltr'>Ceterum</span> <span class='ocrx_word' id='word_1_215' title='bbox 735 3326 799 3388; x_wconf 91' lang='lat' dir='ltr'>nisi</span> <span class='ocrx_word' id='word_1_216' title='bbox 821 3326 856 3387; x_wconf 90' lang='lat' dir='ltr'>in</span> <span class='ocrx_word' id='word_1_217' title='bbox 886 3331 1085 3406; x_wconf 88' lang='lat' dir='ltr'>transcursu,</span> <span class='ocrx_word' id='word_1_218' title='bbox 1113 3328 1150 3386; x_wconf 91' lang='lat' dir='ltr'>ut</span> <span class='ocrx_word' id='word_1_219' title='bbox 1172 3323 1217 3385; x_wconf 88' lang='lat' dir='ltr'>ita</span> <span class='ocrx_word' id='word_1_220' title='bbox 1240 3323 1351 3403; x_wconf 89' lang='lat' dir='ltr'>dicam,</span> 
     </span>
     <span class='ocr_line' id='line_1_28' title="bbox 172 3427 1353 3515; baseline 0 -23"><span class='ocrx_word' id='word_1_221' title='bbox 172 3427 315 3494; x_wconf 91' lang='lat' dir='ltr'>Plinium</span> <span class='ocrx_word' id='word_1_222' title='bbox 343 3453 406 3495; x_wconf 93' lang='lat' dir='ltr'>non</span> <span class='ocrx_word' id='word_1_223' title='bbox 431 3434 575 3495; x_wconf 90' lang='lat' dir='ltr'>nominat</span> <span class='ocrx_word' id='word_1_224' title='bbox 598 3433 777 3515; x_wconf 87' lang='lat' dir='ltr'>disceptans</span> <span class='ocrx_word' id='word_1_225' title='bbox 806 3432 883 3515; x_wconf 91' lang='lat' dir='ltr'>quid</span> <span class='ocrx_word' id='word_1_226' title='bbox 907 3433 946 3495; x_wconf 90' lang='lat' dir='ltr'>ab</span> <span class='ocrx_word' id='word_1_227' title='bbox 975 3452 1012 3496; x_wconf 91' lang='lat' dir='ltr'>eo</span> <span class='ocrx_word' id='word_1_228' title='bbox 1039 3438 1123 3494; x_wconf 86' lang='lat' dir='ltr'>recte</span> <span class='ocrx_word' id='word_1_229' title='bbox 1146 3431 1353 3513; x_wconf 84' lang='lat' dir='ltr'>explanatum</span> 
     </span>
     <span class='ocr_line' id='line_1_29' title="bbox 67 3538 1353 3621; baseline -0.002 -21"><span class='ocrx_word' id='word_1_230' title='bbox 67 3578 72 3588; x_wconf 89' lang='lat'><em>·</em></span> <span class='ocrx_word' id='word_1_231' title='bbox 173 3538 229 3620; x_wconf 92' lang='lat' dir='ltr'>sit,</span> <span class='ocrx_word' id='word_1_232' title='bbox 261 3540 339 3621; x_wconf 91' lang='lat' dir='ltr'>quid</span> <span class='ocrx_word' id='word_1_233' title='bbox 361 3560 433 3603; x_wconf 92' lang='lat' dir='ltr'>non.</span> <span class='ocrx_word' id='word_1_234' title='bbox 481 3538 574 3615; x_wconf 80' lang='lat' dir='ltr'>Quod</span> <span class='ocrx_word' id='word_1_235' title='bbox 598 3539 723 3602; x_wconf 90' lang='lat' dir='ltr'>Plinius</span> <span class='ocrx_word' id='word_1_236' title='bbox 751 3543 783 3601; x_wconf 90' lang='grc'>61</span> <span class='ocrx_word' id='word_1_237' title='bbox 805 3538 976 3603; x_wconf 90' lang='lat' dir='ltr'>Palaemon</span> <span class='ocrx_word' id='word_1_238' title='bbox 1003 3558 1248 3621; x_wconf 91' lang='lat' dir='ltr'>nonnumquam</span> <span class='ocrx_word' id='word_1_239' title='bbox 1270 3538 1353 3600; x_wconf 90' lang='lat' dir='ltr'>inter</span> 
     </span>
     <span class='ocr_line' id='line_1_30' title="bbox 174 3644 1353 3728; baseline -0.001 -21"><span class='ocrx_word' id='word_1_240' title='bbox 174 3663 208 3707; x_wconf 90' lang='lat' dir='ltr'>se</span> <span class='ocrx_word' id='word_1_241' title='bbox 231 3648 448 3728; x_wconf 88' lang='lat' dir='ltr'>consentiunt,</span> <span class='ocrx_word' id='word_1_242' title='bbox 479 3648 547 3709; x_wconf 90' lang='lat' dir='ltr'>eius</span> <span class='ocrx_word' id='word_1_243' title='bbox 574 3648 622 3709; x_wconf 91' lang='lat' dir='ltr'>rei</span> <span class='ocrx_word' id='word_1_244' title='bbox 649 3647 756 3709; x_wconf 87' lang='lat' dir='ltr'>uariae</span> <span class='ocrx_word' id='word_1_245' title='bbox 784 3646 963 3709; x_wconf 89' lang='lat' dir='ltr'>redduntur</span> <span class='ocrx_word' id='word_1_246' title='bbox 994 3664 1116 3709; x_wconf 87' lang='lat' dir='ltr'>causae.</span> <span class='ocrx_word' id='word_1_247' title='bbox 1163 3644 1230 3708; x_wconf 92' lang='lat' dir='ltr'>Nec</span> <span class='ocrx_word' id='word_1_248' title='bbox 1252 3645 1353 3707; x_wconf 92' lang='lat' dir='ltr'>hoca</span> 
     </span>
     <span class='ocr_line' id='line_1_31' title="bbox 173 3753 1354 3835; baseline 0.001 -23"><span class='ocrx_word' id='word_1_249' title='bbox 173 3753 243 3814; x_wconf 90' lang='lat' dir='ltr'>ueri</span> <span class='ocrx_word' id='word_1_250' title='bbox 272 3755 483 3818; x_wconf 88' lang='lat' dir='ltr'>similitudine</span> <span class='ocrx_word' id='word_1_251' title='bbox 511 3754 651 3816; x_wconf 89' lang='lat' dir='ltr'>alienum</span> <span class='ocrx_word' id='word_1_252' title='bbox 678 3757 739 3833; x_wconf 88' lang='lat' dir='ltr'>est,</span> <span class='ocrx_word' id='word_1_253' title='bbox 773 3753 859 3835; x_wconf 90' lang='lat' dir='ltr'>quod</span> <span class='ocrx_word' id='word_1_254' title='bbox 891 3753 1007 3835; x_wconf 91' lang='lat' dir='ltr'>aliquis</span> <span class='ocrx_word' id='word_1_255' title='bbox 1040 3757 1160 3817; x_wconf 89' lang='lat' dir='ltr'>statuat</span> <span class='ocrx_word' id='word_1_256' title='bbox 1186 3756 1354 3835; x_wconf 85' lang='lat' dir='ltr'>praecepta</span> 
     </span>
     <span class='ocr_line' id='line_1_32' title="bbox 174 3858 1354 3944; baseline -0.001 -23"><span class='ocrx_word' id='word_1_257' title='bbox 174 3859 346 3941; x_wconf 90' lang='lat' dir='ltr'>quaedam,</span> <span class='ocrx_word' id='word_1_258' title='bbox 371 3879 453 3944; x_wconf 88' lang='lat' dir='ltr'>quae</span> <span class='ocrx_word' id='word_1_259' title='bbox 476 3879 513 3924; x_wconf 91' lang='grc'>66</span> <span class='ocrx_word' id='word_1_260' title='bbox 537 3865 678 3943; x_wconf 88' lang='lat' dir='ltr'>tempore</span> <span class='ocrx_word' id='word_1_261' title='bbox 700 3860 888 3942; x_wconf 83' lang='lat' dir='ltr'>peruulgata</span> <span class='ocrx_word' id='word_1_262' title='bbox 908 3859 1039 3940; x_wconf 87' lang='lat' dir='ltr'>fuerint,</span> <span class='ocrx_word' id='word_1_263' title='bbox 1063 3865 1095 3922; x_wconf 90' lang='lat' dir='ltr'>et</span> <span class='ocrx_word' id='word_1_264' title='bbox 1118 3858 1261 3922; x_wconf 91' lang='lat' dir='ltr'>aPlinio</span> <span class='ocrx_word' id='word_1_265' title='bbox 1284 3864 1316 3921; x_wconf 90' lang='lat' dir='ltr'>et</span> <span class='ocrx_word' id='word_1_266' title='bbox 1335 3878 1354 3920; x_wconf 92' lang='lat' dir='ltr'>a</span> 
     </span>
     <span class='ocr_line' id='line_1_33' title="bbox 173 3962 1353 4050; baseline 0 -23"><span class='ocrx_word' id='word_1_267' title='bbox 173 3962 364 4031; x_wconf 86' lang='lat' dir='ltr'>Palaemone</span> <span class='ocrx_word' id='word_1_268' title='bbox 396 3969 539 4032; x_wconf 86' lang='lat' dir='ltr'>absolute</span> <span class='ocrx_word' id='word_1_269' title='bbox 570 3972 695 4050; x_wconf 85' lang='lat' dir='ltr'>recepta</span> <span class='ocrx_word' id='word_1_270' title='bbox 727 3986 804 4031; x_wconf 90' lang='lat' dir='ltr'>esse.</span> <span class='ocrx_word' id='word_1_271' title='bbox 851 3965 1082 4030; x_wconf 85' lang='lat' dir='ltr'>Verumtamen</span> <span class='ocrx_word' id='word_1_272' title='bbox 1110 3966 1209 4028; x_wconf 90' lang='lat' dir='ltr'>Plinii</span> <span class='ocrx_word' id='word_1_273' title='bbox 1237 3965 1353 4028; x_wconf 88' lang='lat' dir='ltr'>doctri-</span> 
     </span>
     <span class='ocr_line' id='line_1_34' title="bbox 173 4071 1353 4155; baseline -0.001 -20"><span class='ocrx_word' id='word_1_274' title='bbox 173 4090 248 4136; x_wconf 90' lang='lat' dir='ltr'>nam</span> <span class='ocrx_word' id='word_1_275' title='bbox 271 4095 290 4136; x_wconf 90' lang='lat' dir='ltr'>a</span> <span class='ocrx_word' id='word_1_276' title='bbox 314 4074 504 4138; x_wconf 87' lang='lat' dir='ltr'>Palaemone</span> <span class='ocrx_word' id='word_1_277' title='bbox 530 4074 623 4138; x_wconf 89' lang='lat' dir='ltr'>facile</span> <span class='ocrx_word' id='word_1_278' title='bbox 654 4074 836 4136; x_wconf 89' lang='lat' dir='ltr'>secreueris.</span> <span class='ocrx_word' id='word_1_279' title='bbox 882 4071 1007 4136; x_wconf 90' lang='lat' dir='ltr'>Plinius</span> <span class='ocrx_word' id='word_1_280' title='bbox 1031 4075 1117 4136; x_wconf 92' lang='lat' dir='ltr'>enim</span> <span class='ocrx_word' id='word_1_281' title='bbox 1138 4072 1253 4155; x_wconf 84' lang='lat' dir='ltr'>frigida</span> <span class='ocrx_word' id='word_1_282' title='bbox 1277 4092 1353 4155; x_wconf 92' lang='lat' dir='ltr'>qua-</span> 
     </span>
     <span class='ocr_line' id='line_1_35' title="bbox 175 4177 1353 4266; baseline 0.001 -27"><span class='ocrx_word' id='word_1_283' title='bbox 175 4177 248 4242; x_wconf 85' lang='lat' dir='ltr'>dam</span> <span class='ocrx_word' id='word_1_284' title='bbox 271 4186 302 4245; x_wconf 92' lang='lat' dir='ltr'>et</span> <span class='ocrx_word' id='word_1_285' title='bbox 324 4183 429 4266; x_wconf 90' lang='lat' dir='ltr'>prisca</span> <span class='ocrx_word' id='word_1_286' title='bbox 450 4182 561 4264; x_wconf 84' lang='lat' dir='ltr'>lingua</span> <span class='ocrx_word' id='word_1_287' title='bbox 591 4182 702 4260; x_wconf 89' lang='lat' dir='ltr'>utitur,</span> <span class='ocrx_word' id='word_1_288' title='bbox 735 4199 799 4262; x_wconf 90' lang='lat' dir='ltr'>qua</span> <span class='ocrx_word' id='word_1_289' title='bbox 825 4184 990 4262; x_wconf 86' lang='lat' dir='ltr'>praecepta</span> <span class='ocrx_word' id='word_1_290' title='bbox 1018 4198 1263 4262; x_wconf 87' lang='lat' dir='ltr'>nonnumquam</span> <span class='ocrx_word' id='word_1_291' title='bbox 1290 4178 1353 4241; x_wconf 91' lang='lat' dir='ltr'>dis-</span> 
     </span>
     <span class='ocr_line' id='line_1_36' title="bbox 172 4286 1355 4368; baseline -0.002 -19"><span class='ocrx_word' id='word_1_292' title='bbox 172 4286 287 4352; x_wconf 85' lang='lat' dir='ltr'>iuncto</span> <span class='ocrx_word' id='word_1_293' title='bbox 307 4289 510 4368; x_wconf 75' lang='lat' dir='ltr'>adserantur3</span> <span class='ocrx_word' id='word_1_294' title='bbox 535 4293 644 4352; x_wconf 89' lang='lat' dir='ltr'>contra</span> <span class='ocrx_word' id='word_1_295' title='bbox 662 4287 860 4350; x_wconf 90' lang='lat' dir='ltr'>Palaemonis</span> <span class='ocrx_word' id='word_1_296' title='bbox 879 4287 978 4349; x_wconf 90' lang='lat' dir='ltr'>oratio</span> <span class='ocrx_word' id='word_1_297' title='bbox 1001 4288 1152 4349; x_wconf 87' lang='lat' dir='ltr'>continua</span> <span class='ocrx_word' id='word_1_298' title='bbox 1175 4305 1213 4348; x_wconf 91' lang='lat' dir='ltr'>ac</span> <span class='ocrx_word' id='word_1_299' title='bbox 1231 4290 1355 4368; x_wconf 90' lang='lat' dir='ltr'>compta</span> 
     </span>
     <span class='ocr_line' id='line_1_37' title="bbox 174 4391 1354 4478; baseline -0.003 -20"><span class='ocrx_word' id='word_1_300' title='bbox 174 4395 306 4478; x_wconf 87' lang='lat' dir='ltr'>profluit</span> <span class='ocrx_word' id='word_1_301' title='bbox 336 4397 393 4478; x_wconf 89' lang='lat' dir='ltr'>ita,</span> <span class='ocrx_word' id='word_1_302' title='bbox 425 4399 463 4458; x_wconf 92' lang='grc'>11</span> <span class='ocrx_word' id='word_1_303' title='bbox 492 4395 636 4478; x_wconf 86' lang='lat' dir='ltr'>regulam</span> <span class='ocrx_word' id='word_1_304' title='bbox 669 4393 779 4476; x_wconf 80' lang='lat' dir='ltr'>regula</span> <span class='ocrx_word' id='word_1_305' title='bbox 812 4393 957 4475; x_wconf 85' lang='lat' dir='ltr'>excipiat.</span> <span class='ocrx_word' id='word_1_306' title='bbox 1006 4391 1075 4468; x_wconf 79' lang='lat' dir='ltr'>Qua</span> <span class='ocrx_word' id='word_1_307' title='bbox 1106 4394 1142 4455; x_wconf 90' lang='lat' dir='ltr'>in</span> <span class='ocrx_word' id='word_1_308' title='bbox 1173 4411 1208 4455; x_wconf 92' lang='lat' dir='ltr'>re</span> <span class='ocrx_word' id='word_1_309' title='bbox 1236 4410 1354 4455; x_wconf 89' lang='lat' dir='ltr'>unum·</span> 
     </span>
     <span class='ocr_line' id='line_1_38' title="bbox 176 4496 1352 4588; baseline -0.003 -22"><span class='ocrx_word' id='word_1_310' title='bbox 176 4522 348 4588; x_wconf 90' lang='lat' dir='ltr'>quemque,</span> <span class='ocrx_word' id='word_1_311' title='bbox 382 4503 438 4586; x_wconf 91' lang='lat' dir='ltr'>qui</span> <span class='ocrx_word' id='word_1_312' title='bbox 470 4506 502 4564; x_wconf 92' lang='lat' dir='ltr'>et</span> <span class='ocrx_word' id='word_1_313' title='bbox 534 4501 631 4564; x_wconf 91' lang='lat' dir='ltr'>Plinii</span> <span class='ocrx_word' id='word_1_314' title='bbox 664 4506 696 4565; x_wconf 92' lang='lat' dir='ltr'>et</span> <span class='ocrx_word' id='word_1_315' title='bbox 729 4496 930 4564; x_wconf 90' lang='lat' dir='ltr'>Palaemonis</span> <span class='ocrx_word' id='word_1_316' title='bbox 963 4501 1139 4564; x_wconf 87' lang='lat' dir='ltr'>doctrinam</span> <span class='ocrx_word' id='word_1_317' title='bbox 1174 4499 1352 4563; x_wconf 89' lang='lat' dir='ltr'>accuratius</span> 
     </span>
    </p>
   </div>
   <div class='ocr_carea' id='block_1_3' title="bbox 0 0 1531 4958">
    <p class='ocr_par' dir='ltr' id='par_1_3' title="bbox 0 0 1531 4958">
     <span class='ocr_line' id='line_1_39' title="bbox 0 0 1531 4958; baseline 0 0"><span class='ocrx_word' id='word_1_318' title='bbox 0 0 1531 4958; x_wconf 95' lang='lat' dir='ltr'> </span> 
     </span>
    </p>
   </div>
  </div>
 </body>
</html>
