3052 4958
653 528 875 590 ..85-

173 708 285 771 ciderit
303 724 486 790 paucosque
504 705 641 768 Romani
665 710 696 768 et
715 704 890 768 (lominiani
916 693 1159 768 commentarios
1183 705 1348 787 suffecerit,

171 816 240 898 ipse
254 815 320 877 fere
334 814 366 876 in
383 813 577 897 praefatione
591 834 620 897 p.
635 816 651 875 1
666 813 749 877 illud
763 813 885 875 indicat
899 812 1023 875 dicens:
1048 805 1177 877 ‘Artem
1190 834 1347 897 gramma·
1370 868 1373 877 .

173 924 269 984 ticam
288 920 429 984 sollertia
447 920 704 984 doctissimorum
725 921 870 984 uirorum
889 920 1020 1003 politam
1040 925 1071 983 et
1089 941 1108 983 a
1126 940 1177 984 me
1193 921 1347 1004 digestam

172 1031 207 1090 in
221 1029 314 1092 libris
329 1029 473 1111 quinque
493 1027 575 1090 dono
591 1028 650 1090 tibi
664 1029 737 1092 misi
743 1022 761 1089 '.
794 1026 942 1110 Namque
956 1032 1055 1090 artem
1070 1027 1289 1091 Remmianam
1308 1028 1347 1091 ab

174 1155 209 1199 co
226 1155 292 1198 non
307 1139 432 1198 auctam
451 1153 528 1216 csse,
548 1154 622 1198 cum
638 1154 679 1199 ex
698 1154 734 1199 eo
754 1136 925 1217 noscimus,
945 1134 1031 1218 quod
1051 1135 1221 1198 nonnullos
1237 1134 1348 1199 Palae-

172 1246 276 1307 monis
295 1243 548 1324 commentarios,
570 1247 608 1305 ut
629 1263 724 1327 supra
741 1243 893 1325 uidimus,
917 1243 1010 1326 plane
1034 1243 1149 1324 omisit,
1173 1247 1240 1306 tum
1262 1243 1347 1319 inde,

174 1352 260 1434 quod
270 1370 496 1434 nonnusquam
506 1370 561 1434 pro
571 1349 709 1414 Remmii
719 1350 865 1414 uberiore
876 1351 1020 1414 doctrina
1034 1351 1276 1413 commentarios
1286 1348 1347 1413 Ro-

174 1460 260 1522 mani
275 1458 436 1522 breuiores
450 1460 566 1542 posuit.
603 1457 649 1522 Re
662 1478 739 1521 uera
753 1458 875 1521 nullam
889 1459 1036 1522 inuenies
1052 1459 1203 1521 orationis
1217 1463 1347 1542 partem,

174 1567 264 1630 cuius
294 1566 439 1629 doctrina
465 1567 560 1649 plena
583 1571 709 1650 recepta
733 1567 774 1628 sit
797 1586 815 1627 a
839 1564 987 1629 Charisio.
1042 1564 1189 1630 Ceterum
1214 1570 1348 1648 quanto·

172 1692 247 1757 perc
266 1671 467 1737 Palaemonis
488 1673 632 1737 doctrina
651 1671 690 1736 ab
712 1673 768 1735 illo
787 1673 934 1736 mutilata
954 1679 1037 1737 esset
1054 1692 1150 1756 supra
1171 1671 1346 1735 docuimus.

172 1780 241 1844 Nec
264 1786 379 1863 tamen,
404 1782 464 1844 etsi
487 1801 551 1844 non
574 1781 656 1844 nihil
681 1781 719 1844 de
741 1779 879 1844 Remmii
893 1816 895 1820 ·
909 1781 1077 1844 diuisionis
1107 1800 1143 1843 ac
1169 1780 1348 1863 dispositio·

173 1888 223 1949 nis
247 1892 314 1950 arte
336 1890 437 1972 repeti
459 1894 569 1972 potest,
592 1890 681 1972 prius
706 1908 802 1972 quam
827 1890 932 1950 omnia
955 1887 1157 1952 Palaemonis
1180 1892 1348 1971 praecepta

175 2013 192 2056 e
215 1994 348 2078 reliquis
371 1997 588 2079 grammaticis
612 2000 703 2060 cruta
727 1996 800 2076 sint,
825 1996 904 2058 certi
928 1998 1102 2080 quicquam
1131 1996 1170 2059 de
1193 1994 1348 2058 librorum

174 2120 307 2165 numero
331 2106 506 2168 statuerim.

262 2209 330 2271 lam
360 2210 456 2273 finem
490 2212 642 2274 faciamus
677 2210 867 2294 disputandi.
929 2208 1026 2274 Nunc
1059 2211 1187 2294 quidem
1220 2215 1348 2294 tempus

174 2321 254 2396 erat,
292 2321 328 2378 ut
363 2317 559 2399 reliquorum
597 2318 878 2399 grammaticorum
916 2319 1034 2401 copiaS,
1071 2315 1234 2381 Diomedis
1271 2335 1346 2401 prae

174 2424 303 2504 ceteris,
349 2423 404 2505 qui
441 2441 513 2484 cum
550 2423 651 2485 multa
687 2422 726 2486 de
758 2422 958 2486 Palaemonis
996 2423 1140 2488 doctrina
1172 2425 1349 2488 seruauerit

174 2535 278 2592 tamen
314 2549 349 2593 ea
385 2531 521 2593 aliorum
554 2529 829 2594 obseruationibus
860 2531 1086 2614 intermiscuit,
1123 2532 1346 2616 perlustrarem

174 2643 268 2720 atque
292 2638 513 2701 discernerem.
561 2635 624 2700 Sed
647 2637 887 2703 subsistendum
911 2642 959 2702 est
981 2639 1161 2723 aliquando,
1192 2644 1226 2702 ut
1248 2642 1347 2723 respi-

174 2747 247 2826 cias,
273 2745 350 2828 quid
374 2744 522 2826 effeceris,
551 2747 836 2830 reputandumque,
864 2766 1016 2812 ueramne
1041 2767 1135 2830 quam
1158 2752 1348 2812 consecutus

173 2871 207 2915 es
226 2872 333 2916 rerum
352 2872 482 2917 causam
500 2874 577 2918 uere
596 2856 640 2918 sis
663 2854 785 2938 ubique
804 2854 975 2919 adsecutus
993 2874 1102 2920 necne.
1145 2853 1251 2930 Quare
1274 2874 1347 2918 cum

172 2961 310 3042 primum
338 2967 483 3043 potuero,
516 2962 543 3023 si
572 2960 736 3025 Mineruae
763 2961 913 3045 placebit,
945 2983 1026 3046 quae
1052 2963 1216 3040 inchoaui,
1248 2962 1348 3026 conti·

173 3067 294 3147 nuab0,
330 3073 380 3149 ut,
419 3072 575 3150 quantum
609 3067 679 3130 fieri
715 3069 803 3150 licet,
836 3068 1036 3133 Palaemonis
1069 3074 1119 3132 ars
1153 3070 1346 3132 restituatur.

174 3172 255 3248 Quid
283 3176 368 3236 enim
391 3176 615 3267 grammaticos
637 3173 766 3238 Latinos
789 3175 986 3239 Remmianis
1015 3175 1156 3240 uestibus
1179 3175 1346 3238 uideamus
1421 3216 1424 3221 Δ

172 3282 320 3345 indutos!
