3052 4958
680 286 901 348 ..84-

200 465 369 548 septimum
396 463 544 545 scriptam
577 464 647 527 sine
677 462 794 526 editam
823 482 891 527 esse
919 484 937 527 a
959 463 1151 528 Palaemone
1175 464 1374 529 coniecerim.

200 569 373 635 Exoriatnr
396 575 502 633 autem
522 571 646 653 aliquis,
667 571 722 652 qui
740 570 774 633 id
794 571 922 653 quidem
947 572 1079 635 minime
1098 577 1183 635 recte
1202 593 1220 635 a
1238 591 1289 635 me
1311 576 1375 636 sta-

201 682 305 740 tutum
329 696 396 741 esse
421 678 517 759 dicat,
540 678 727 760 praesertim
747 697 820 740 cum
840 697 857 741 e
875 677 975 741 Plinii
997 678 1104 741 uerbis
1127 680 1162 740 in
1185 699 1215 741 n.
1235 680 1263 743 h.
1283 678 1376 760 xlv,

201 786 284 866 4,50
306 785 523 848 exstantibus:
547 776 653 847 tHaec
672 786 801 866 (uineta)
818 786 991 869 adgressus
1009 786 1156 850 excolere
1176 784 1377 868 (Palaemon)

202 911 266 954 non
288 894 409 956 uirtute
436 893 551 973 animi⁷
580 892 635 954 sed
663 893 808 956 uanitate
834 895 946 977 primo,
970 931 1011 938 -
1037 913 1117 976 quae
1140 898 1216 956 nota
1238 895 1318 958 mire
1340 895 1377 956 in

201 1000 256 1063 illo
279 1000 295 1062 f
301 992 403 1081 uit’‚
427 999 653 1062 Palaemonem
673 1018 709 1062 eo
734 1002 963 1084 temporetam
980 1005 1142 1064 mortuum
1165 1001 1262 1065 fuisse
1280 1022 1378 1086 appa-

201 1113 277 1175 reat.
323 1110 367 1170 At
389 1107 488 1170 uerba
511 1104 611 1169 Plinii
633 1106 708 1188 ista⁷
733 1108 877 1170 simodo
900 1109 1024 1191 integre
1048 1108 1163 1172 tradita
1185 1114 1273 1191 sunt,
1295 1130 1379 1173 num

202 1216 382 1280 necessario
414 1215 455 1277 ad
483 1216 582 1276 uitam
614 1213 814 1277 Palaemonis
846 1215 1047 1278 referuntur?
1089 1213 1172 1279 Nam
1207 1215 1283 1299 quid
1315 1216 1380 1279 sibi

201 1323 289 1386 uult:
312 1315 431 1405 ‘primo
454 1320 627 1385 Palaemon
646 1323 792 1385 uanitate
811 1322 910 1385 coluit
933 1323 1054 1404 uineta,
1078 1341 1143 1384 non
1166 1323 1285 1386 uirtute
1309 1325 1380 1386 ani·

202 1422 283 1492 mi'?
326 1428 410 1505 Quid
442 1430 572 1493 tandem
604 1429 732 1512 postea?
773 1429 828 1490 An
854 1434 963 1512 postea
994 1431 1112 1492 uirtute
1145 1430 1243 1491 animi
1272 1431 1380 1493 uineis

204 1537 346 1600 colendis
365 1556 435 1601 sese
453 1537 574 1600 dedidit
592 1536 787 1599 Palaemon?
813 1574 854 1581 -
880 1534 984 1610 Quare
1002 1535 1101 1600 Plinii
1120 1536 1219 1600 uerba
1241 1543 1381 1600 autnon

203 1650 288 1709 recte
311 1644 428 1715 tradita
450 1650 526 1708 sunt
549 1649 604 1708 aut
626 1643 813 1728 interpolata
832 1648 919 1725 sunt,
944 1644 1061 1727 quippe
1086 1663 1166 1727 quac
1189 1650 1280 1707 extra
1303 1664 1380 1708 con-

204 1757 329 1816 textum
352 1751 419 1815 fere
441 1753 544 1835 posita
567 1753 644 1834 sint,
675 1756 770 1834 atque
797 1770 870 1813 cum
899 1750 1049 1834 ambigua
1077 1756 1108 1814 et
1131 1752 1196 1815 sint
1218 1757 1249 1815 et
1270 1772 1380 1816 mane-

204 1865 273 1942 ant,
296 1859 335 1924 de
358 1858 559 1922 Palaemonis
584 1860 650 1921 uita
674 1877 714 1920 ex
737 1859 792 1939 eis,
822 1863 978 1941 quantum
1000 1859 1149 1941 equidem
1171 1859 1274 1941 uideo,
1298 1860 1382 1922 nihil

204 1967 335 2029 omnino
360 1965 506 2028 concludi
528 1969 638 2049 potest.
684 1964 769 2027 Nam
791 1965 865 2028 huic
889 1964 988 2027 Plinii
1015 1966 1084 2028 loco
1113 1969 1291 2049 repugnant
1317 1966 1382 2028 tria

204 2075 260 2136 illa
284 2077 471 2157 argumenta
493 2073 546 2137 uel
569 2073 771 2156 grauissima,
801 2072 918 2155 quibus
941 2071 1166 2135 Palaemonem
1191 2074 1286 2136 etiam
1309 2077 1378 2136 tum

204 2182 302 2245 fuisse
326 2180 553 2264 comprobatur.

294 2290 469 2353 Videamus
496 2308 603 2372 porro,
636 2308 713 2351 num
745 2288 823 2371 quid
860 2289 899 2352 de
931 2287 1087 2351 librorum
1116 2306 1249 2351 numero
1282 2290 1382 2351 statui

205 2400 312 2482 possit.
358 2397 469 2480 Atque
497 2398 603 2479 copias
630 2397 702 2460 illas
729 2397 951 2480 grammaticas
982 2414 1047 2458 non
1074 2397 1109 2458 in
1136 2416 1239 2460 unum
1261 2395 1382 2459 librum

207 2527 225 2568 a
247 2505 438 2568 Palaemone
462 2508 586 2566 coactas
610 2503 708 2566 fuisse
736 2504 790 2566 uel
812 2523 869 2586 per
897 2523 931 2566 se
954 2509 1090 2586 apparet.
1142 2503 1244 2566 Immo
1268 2502 1381 2567 Palae

206 2632 280 2675 mon
308 2611 393 2694 apud
424 2609 602 2672 Charisitmr
629 2631 657 2693 p.
684 2614 788 2692 47,14
811 2613 880 2694 ipse
903 2610 1084 2693 profitetur:
1119 2603 1217 2674 tItem
1245 2609 1302 2672 illa
1323 2630 1383 2694 per

206 2723 218 2783 i
241 2720 381 2782 litteram
405 2716 581 2779 ablatiuum
604 2716 736 2799 habent,
761 2723 941 2801 quaesunt
972 2719 1050 2780 hoc
1083 2718 1232 2782 eodem
1262 2717 1381 2780 libro

207 2847 302 2910 supra
322 2828 463 2908 excepta,
488 2843 570 2906 quae
588 2825 804 2909 incusatiuum
822 2827 942 2910 parim
963 2819 1110 2889 faciunt.³
1149 2823 1251 2901 Quem
1273 2826 1381 2889 locum

206 2936 373 2999 laudatum
392 2932 488 2996 etiam
511 2938 678 3016 excerptor
699 2955 728 3018 p.
750 2937 822 3016 545,
837 2936 878 2997 23
902 2935 1052 2997 seruauit.
1073 2972 1114 2978 —
1136 2932 1229 3015 Quid,
1254 2951 1382 3015 quaese,

207 3043 434 3106 Palaemonem
465 3032 565 3103 thoc
598 3041 744 3104 eodem
776 3035 915 3104 libro²
947 3041 1100 3105 exsilisse
1126 3041 1320 3120 iudicemus,
1355 3041 1384 3104 si

207 3169 272 3213 uno
292 3150 359 3212 solo
383 3147 464 3210 libro
485 3152 584 3211 artem
603 3149 902 3237 circumscripsisset
919 3149 1183 3232 grammaticam?
1215 3145 1284 3210 Nec
1305 3146 1383 3210 inde

207 3275 313 3320 morae
351 3257 523 3338 quicquam
561 3256 713 3318 exsistere
745 3260 860 3338 potest,
899 3256 983 3339 quod
1022 3255 1184 3319 Charisius
1220 3275 1382 3338 nusquam

207 3363 414 3426 Remmianae
444 3363 520 3425 artis
550 3365 605 3424 aut
628 3363 731 3445 capita
758 3368 814 3426 aut
836 3363 935 3428 libros
959 3364 1095 3428 exhibet.
1146 3361 1274 3425 Etenim
1302 3360 1383 3424 Cha-

208 3473 333 3552 risium,
362 3472 418 3552 qui
445 3471 530 3552 ipsos
554 3471 693 3553 capitum
716 3469 918 3536 Palaemonis
945 3472 1056 3535 titulos
1078 3471 1260 3546 retinuerit,
1288 3470 1383 3533 istius

209 3579 348 3641 maxime
377 3577 553 3639 doctrinam
580 3577 670 3640 libris
698 3579 764 3641 suis
792 3581 996 3662 supposuisse
1024 3598 1120 3662 supra
1147 3578 1223 3641 satis
1252 3576 1383 3640 demon-

209 3689 342 3748 stratum
366 3688 420 3748 est.
466 3684 574 3766 Atque
598 3705 671 3747 cum
693 3685 884 3749 Remmiana
914 3707 964 3750 ars
993 3688 1027 3749 in
1055 3686 1263 3769 multiplicem
1292 3685 1383 3747 scho—

208 3792 312 3854 larum
331 3812 426 3855 usum
444 3793 569 3856 uenerit
586 3792 837 3876 peruulgataque
855 3793 959 3875 fuerit,
982 3812 1024 3857 ne
1042 3794 1102 3856 hoc
1123 3792 1251 3875 quidem
1271 3797 1384 3855 contra

208 3899 291 3980 facit,
316 3899 402 3981 quod
425 3920 445 3961 a
465 3900 599 3984 reliquis
618 3901 831 3984 grarrrmaticis
855 3903 931 3964 artis
954 3902 1042 3965 illius
1065 3899 1139 3963 libri
1163 3900 1294 3964 excitati
1316 3918 1381 3961 non

209 4010 293 4070 sunt.
331 4004 416 4080 Quid
440 4009 524 4070 enim
547 4028 625 4092 opus
649 4013 696 4071 est
719 4028 829 4072 eorum
848 4008 976 4092 singula
994 4008 1131 4089 laudare,
1157 4025 1236 4089 quae
1255 4007 1384 4089 cognita

210 4119 382 4198 apertaque
412 4116 510 4178 sunt?
559 4116 679 4179 Verum
712 4117 797 4179 enim
825 4136 901 4180 uero
926 4117 1021 4178 etiam
1052 4134 1093 4178 ex
1121 4113 1264 4198 pluribus
1289 4115 1383 4196 quin-

211 4241 275 4306 que
302 4222 392 4286 libris
423 4226 520 4286 artem
551 4225 759 4307 compositam
786 4224 884 4287 fuisse
912 4242 954 4287 ex
981 4225 1049 4307 ipso
1075 4221 1216 4285 Charisio
1241 4240 1383 4305 comper-

211 4335 278 4394 tum
301 4330 423 4394 habeto.
477 4329 538 4404 Qui
562 4349 635 4393 cum
659 4330 858 4394 Palaemonis
887 4335 985 4394 artem
1013 4332 1094 4393 miro
1122 4330 1216 4393 modo
1246 4330 1384 4394 circum·
