3052 4958
176 1512 207 1580 Ι.
238 1513 333 1602 (luae
353 1513 448 1597 apud
468 1513 671 1580 charisium
690 1511 853 1596 aliosque
873 1511 939 1578 sub
959 1510 1187 1578 Palaemonis
1206 1513 1353 1579 nomine

176 1622 325 1687 exstant
355 1620 612 1702 grammatica,
644 1603 686 1684 ea
708 1635 782 1685 non
806 1617 1035 1685 Palaemonis
1063 1617 1268 1700 cuiusdam,
1293 1619 1356 1702 qul

177 1729 308 1811 quarto
341 1726 419 1792 lere
452 1745 489 1810 p.
514 1725 596 1792 Chr.
621 1724 765 1805 saeculo
797 1723 930 1807 fuerit,
963 1723 1025 1791 sed
1049 1723 1088 1812 d.
1111 1721 1355 1790 Remmii·Pa-

365 1833 542 1899 laemonls
567 1850 644 1899 esse
668 1832 892 1915 argumentis
917 1825 1166 1898 confirmatur.

270 2010 297 2086 Q
319 2010 504 2075 Remmium
527 2009 771 2088 Palaemonem,
803 2029 898 2093 quem
921 2009 1045 2073 liberio
1075 2008 1273 2092 Claudioque
1296 2010 1356 2072 im-

175 2118 362 2202 perantibus
394 2119 572 2201 prinoipem
604 2115 727 2180 Romae
758 2118 842 2179 inter
873 2119 1096 2200 grammaticos
1129 2117 1237 2180 locum
1274 2110 1355 2179 obti-

121 2286 125 2293 .
174 2226 285 2288 unisse
305 2225 479 2288 Suetonius
487 2223 512 2307 1)
535 2223 645 2303 tradit,
668 2224 809 2306 primum
829 2225 988 2300 omnium,
1014 2222 1101 2304 quod
1120 2223 1251 2306 quidem
1274 2224 1354 2285 scia-

175 2351 256 2406 mus,
281 2336 381 2395 artem
405 2331 541 2393 edidisse
564 2331 807 2413 grammaticam
830 2349 903 2393 cnm
928 2349 970 2393 ex
994 2330 1065 2392 aliis
1095 2328 1196 2393 firmis
1223 2329 1353 2392 indiciis

176 2443 245 2500 tum
270 2456 311 2498 ex
335 2436 372 2498 D.
397 2436 491 2498 Junrii
513 2435 535 2498 J
538 2437 684 2499 uuenalis
707 2435 817 2499 uerbis
841 2441 897 2499 sat.
916 2435 973 2498 VI.
993 2456 1024 2496 u.
1044 2437 1108 2498 452
1134 2435 1350 2499 exstantibus:

175 2538 255 2606 ‘Odi
278 2543 360 2605 hauc
380 2561 448 2624 ego,
473 2561 555 2624 quae
574 2543 690 2624 repetit
707 2542 877 2624 noluitque
897 2541 1098 2605 Palaemonis
1122 2535 1240 2605 artem’
1265 2544 1364 2605 coni·'

176 2651 289 2713 cimus.
333 2647 420 2722 Quae
439 2668 490 2710 ars
515 2667 589 2712 cum
609 2655 791 2731 temporum
811 2649 1023 2712 diuturnitate
1042 2647 1221 2731 deperierit,
1244 2654 1351 2713 tamen

173 2757 329 2838 reliquiae
358 2756 427 2819 cius
457 2755 614 2838 quaedam
643 2755 730 2839 apud
762 2756 947 2839 posterioris
975 2756 1089 2817 aetatis
1117 2757 1351 2838 grammaticos,

173 2863 258 2946 apud
283 2861 480 2942 Charisium,
508 2860 713 2944 Diomedem,
741 2863 820 2926 alios
849 2867 994 2926 seruatae
1025 2868 1109 2925 suut.
1158 2861 1241 2926 Satis
1265 2864 1351 2926 enim

173 2974 339 3052 perspecta
371 2973 419 3031 est
450 2971 663 3051 posteriorum
684 2971 977 3052 'grammaticorum
1009 2969 1045 3030 iu
1073 2969 1195 3032 artibus
1224 2989 1349 3054 compo-

174 3075 288 3137 nendis
311 3076 391 3137 ratio
410 3075 474 3151 illa,
500 3095 564 3157 qua
587 3075 662 3138 inde
685 3097 703 3137 a
726 3075 867 3139 secundo
890 3075 957 3137 fere
980 3095 1009 3158 p.
1032 3073 1102 3138 Chr.
1121 3077 1248 3140 saeculo
1268 3077 1349 3139 nihil

175 3180 265 3244 alind
285 3179 510 3259 moliebantur,
535 3200 633 3261 quam
656 3186 693 3242 ut
716 3183 930 3263 antiquiorum
952 3184 1231 3263 grammaticorum
1247 3183 1350 3246 libros

176 3286 389 3369 despoliarent
421 3286 604 3369 copiasque,
644 3306 726 3368 quae
756 3287 948 3351 florentibus
981 3286 1096 3349 studiis
1132 3290 1349 3370 grammaticis

174 3398 381 3457 coaceruatae
401 3396 485 3473 sunt,
509 3392 717 3475 compilarant
740 3399 837 3477 atque
866 3400 1083 3476 excerperent.
1122 3392 1207 3469 oud
1231 3396 1348 3460 sunum

172 3502 273 3582 igitur
297 3501 384 3562 uiros
403 3499 512 3568 doctos
536 3519 626 3562 nuuc
648 3501 683 3564 in
707 3520 776 3564 eam
800 3519 867 3564 rem
885 3499 1081 3578 incumbere,
1106 3495 1349 3584 ut'grammati-

172 3625 283 3669 corum
307 3608 444 3669 istorum
462 3608 580 3670 scrinia
598 3613 838 3690 perscrutentur
860 3613 1097 3692 praeceptaque,
1122 3608 1278 3692 aquibus
1301 3630 1351 3674 re-

173 3722 264 3797 cepta
287 3718 363 3776 sunt
396 3712 581 3777 auctoribus
613 3715 780 3779 restituere
808 3715 967 3778 studeant.
1015 3714 1107 3791 Quod
1135 3717 1284 3799 equidem
1309 3719 1348 3781 de

173 3817 207 3892 Q.
226 3817 366 3881 Remmii
385 3818 588 3882 Palaemonis
609 3820 754 3885 doctrina
777 3828 937 3905 praestare
957 3823 1103 3886 conabor.
1146 3824 1256 3906 Longe
1279 3844 1346 3888 ma·-

172 3925 261 3986 xima
288 3931 394 3989 autem
418 3924 686 4015 Palaemoniauae
716 3928 880 3992 doctrinae
907 3949 981 4012 pars
1009 3949 1066 4013 per
1087 3929 1239 3993 Flauium
1262 3929 1347 3993 Sosi-

172 4034 299 4112 patrum
333 4031 512 4095 Charisium
546 4033 639 4096 nobis
672 4034 788 4098 tradita
820 4041 881 4114 est,
916 4056 934 4098 a
967 4056 1031 4119 quo
1064 4037 1169 4100 omnis
1202 4039 1347 4119 quaestio

173 4138 308 4200 oriunda
336 4146 396 4219 est,
425 4141 544 4224 quippe
572 4142 629 4223 qni
659 4144 905 4205 commentarios
936 4161 1004 4206 sese
1033 4143 1157 4226 aliquot
1186 4165 1204 4208 a
1234 4143 1345 4208 Palae-

170 4263 266 4308 mone
288 4246 445 4328 recepisse
469 4248 537 4331 ipse
561 4253 703 4311 testetur.

243 4491 263 4561 1)
282 4492 322 4546 De
341 4509 424 4562 gram.
444 4497 486 4548 23.
