3052 4958
646 513 868 575 -81-

171 694 304 759 1111111
328 693 429 777 capite
453 690 538 754 XIII
561 711 589 774 p.
617 692 687 754 189.
734 688 796 753 Sed
818 691 897 753 haec
920 709 1021 773 parua
1044 693 1126 751 sunt.
1172 687 1255 750 Nam
1279 707 1344 750 non

171 803 275 867 solum
309 801 348 864 de
380 805 449 863 octo
483 799 633 861 orationis
663 796 807 880 partibus
835 796 1060 860 Palaemonem
1088 797 1199 878 egisse,
1229 812 1344 856 uerum

171 912 267 974 etiam
291 909 331 972 de
354 907 487 988 reliquls
516 905 693 988 disciplinis
721 904 762 966 ad
792 909 892 966 artem
919 905 1163 987 grammaticam
1186 902 1345 985 pertinen-

172 1017 258 1081 tibus
282 1036 346 1079 non
369 1034 458 1078 mera
481 1013 621 1096 suspicio
646 1017 700 1075 est.
748 1009 891 1085 Quarum
922 1011 1053 1093 quidem
1081 995 1222 1073 indicata
1246 1012 1294 1071 est
1316 1028 1345 1091 p.

175 1127 302 1207 116111.
332 1122 496 1204 analogiae
525 1121 671 1183 doctrina
700 1120 942 1203 pretiosissima,
973 1139 991 1181 1
1015 1117 1166 1199 Charisio,
1195 1117 1248 1179 cui
1276 1115 1347 1177 bre·

174 1235 245 1295 nior
264 1231 302 1294 de
322 1250 360 1293 ea
376 1226 781 1291 Romani'commentarius
805 1232 993 1307 occurreret,
1016 1226 1171 1290 radicitus
1191 1223 1347 1288 obliuioni

173 1339 254 1401 data.
300 1337 519 1400 Inueniuntur
546 1336 654 1416 etiam,
686 1353 822 1417 quornm
849 1353 891 1397 ne
919 1336 1055 1418 uestigia
1085 1334 1215 1417 quidem
1238 1331 1348 1394 relicta

175 1446 239 1508 sint
271 1444 355 1528 apud
389 1442 574 1506 (1111111111.
627 1440 715 1516 Quae
747 1435 827 1504 uum
859 1441 944 1525 apud
977 1441 1117 1522 reliquos
1148 1440 1349 1524 reperiantur

173 1553 406 1636 grammaticos,
438 1552 583 1613 nondum
617 1550 694 1612 satis
725 1554 927 1632 perspectum
959 1548 1086 1612 habeus
1115 1547 1210 1611 Unde
1240 1547 1349 1630 igitur,

176 1660 279 1743 qualis
307 1660 441 1742 pristina
468 1657 675 1721 Remmianae
709 1656 784 1718 artis
813 1656 998 1719 constitutio
1030 1656 1141 1736 fuerit,
1176 1652 1348 1738 cogemus?

175 1765 301 1846 Nesci0,
324 1766 386 1828 nisi
410 1766 438 1827 si
462 1762 704 1844 Quintilianum,
729 1764 785 1845 qui
803 1761 1005 1825 Palaemonis
1030 1763 1174 1825 doctrina
1197 1781 1274 1824 usus
1293 1765 1349 1841 est,

178 1873 270 1954 sequi
291 1872 452 1955 placuerit.
490 1872 572 1934 Tum
596 1889 672 1934 sane
695 1869 782 1932 haud
805 1871 872 1932 scio
891 1890 932 1931 an
952 1869 1192 1934 adumbratione
1211 1868 1349 1951 quadam

179 1997 239 2060 111,
264 1998 345 2061 quae
369 1999 387 2041 a
405 1978 597 2041 Palaemone
619 1981 828 2061 pertractatae
849 1976 1350 2061 1111111111111111111111111-

177 2087 286 2167 simus,
310 2090 448 2148 atcerte
473 2106 536 2148 non
555 2085 763 2148 Rernmianae
787 2084 950 2148 doctrinae
969 2087 1101 2169 copiam.
1122 2123 1163 2130 —-
1188 2083 1351 2148 Charisius

175 2193 274 2274 igitur
307 2199 338 2255 et
371 2198 539 2276 excerptor
570 2212 629 2255 neo
661 2211 726 2254 non
756 2190 927 2255 DosItheus
960 2212 1009 2274 ea,
1044 2212 1124 2275 quae
1156 2195 1352 2275 receperunt,

176 2301 346 2381 praecipua
369 2299 432 2363 fide
456 2302 733 2382 transcripserunt.
781 2297 843 2362 Sed
867 2299 934 2361 noli
956 2305 1069 2382 putare
1092 2301 1231 2383 reliquos
1249 2306 1352 2382 poste-

177 2406 271 2468 rioris
304 2407 416 2468 aetatis
453 2407 677 2488 grammaticos
715 2406 850 2470 eandem
884 2406 1085 2470 describendi
1117 2407 1353 2491 simplicitatem

180 2514 408 2594 ueritatemque
432 2531 500 2575 1111
525 2520 719 2577 consecutos.
767 2513 850 2578 Sunt
872 2534 958 2595 sane,
984 2534 1065 2598 quos
1089 2534 1154 2577 una
1178 2534 1250 2577 cum
1274 2511 1353 2576 Cha-

178 2621 255 2682 risio
287 2621 321 2681 in
354 2619 485 2682 eandem
519 2621 609 2703 quasi
646 2622 792 2704 copulam
825 2624 968 2686 conicere
1001 2623 1094 2685 liceat
1132 2621 1183 2685 uel
1217 2640 1353 2704 quorum

181 2727 324 2788 doctriua
351 2726 460 2790 eadem
493 2729 575 2812 apud
607 2729 700 2791 illum
734 2735 850 2810 exstet,
885 2739 961 2793 sunt
991 2730 1101 2811 etiam,
1131 2730 1186 2812 qui
1212 2749 1270 2792 sua
1292 2730 1353 2812 ipsi

180 2832 278 2896 uerba
299 2833 518 2898 adstruxerint
537 2837 737 2919 aliorumque
755 2839 931 2921 praeceptis
950 2839 1109 2901 arcessitis
1128 2837 1220 2902 uelut
1233 2838 1354 2900 mixtu-

178 2961 246 3003 ram
276 2939 483 3005 Remmianae
514 2943 678 3006 doctrinae
707 2945 919 3025 condiderint,
952 2946 1036 3008 inter
1068 2965 1148 3028 quos
1175 2943 1353 3008 Diomedes.

180 3047 321 3122 erurum
347 3049 382 3108 in
411 3047 554 3108 officinas
585 3051 642 3109 uix
671 3069 835 3131 possemus
858 3051 1023 3133 inspicere,
1052 3053 1080 3113 si
1104 3049 1265 3117 Charisius
1289 3072 1354 3115 non

180 3161 268 3219 esset.
315 3153 373 3217 Ilst
400 3153 539 3235 profecto
567 3153 633 3217 fere
662 3174 755 3218 nemo
783 3158 1007 3239 grammaticus
1039 3160 1219 3239 posterioris
1243 3161 1355 3222 aetatis

179 3261 324 3339 Latinus,
363 3262 441 3342 quin
479 3259 682 3324 Palaemonis
720 3262 836 3325 librum
873 3263 992 3326 adierit.
1048 3263 1219 3328 Palaemon
1258 3266 1352 3345 enim,

180 3369 266 3451 quod
291 3369 438 3448 sciamus,
461 3370 583 3450 priinus
606 3369 680 3451 fuit,
705 3372 760 3453 qui
785 3375 884 3434 artem
908 3372 1084 3454 composuit
1107 3373 1353 3454 grammaticam.

181 3474 269 3550 Quae
294 3495 345 3538 ars
368 3479 496 3558 propter
518 3476 701 3540 facilitatem
724 3498 761 3542 ac
784 3479 1041 3561 perspicrutatem
1062 3480 1216 3542 sermonis
1241 3480 1356 3542 doctri-

181 3602 319 3666 namque
349 3583 480 3665 polItam
510 3584 691 3667 optimeque
722 3585 875 3668 digestam
908 3586 1024 3649 idonea
1055 3586 1116 3649 fuit
1147 3606 1212 3649 non
1243 3587 1356 3668 solum,

184 3709 263 3769 quae
287 3691 337 3753 uel
363 3691 505 3773 apueris
528 3693 744 3775 perciperetur
761 3691 979 3755 Romanorum
1003 3700 1034 3757 et
1057 3695 1233 3773 staminis,
1256 3700 1293 3758 ut
1314 3697 1357 3758 ait

183 3793 346 3859 quenalis
369 3798 388 3859 1.
413 3798 442 3875 1.,
473 3799 716 3881 scholarumque
745 3800 779 3861 in
810 3821 904 3863 usum
933 3822 1006 3864 cum
1037 3803 1143 3866 fructu
1169 3807 1356 3881 uerteretur,

185 3919 296 3963 ueuun
325 3905 432 3988 11111,
461 3927 534 3970 cunr
562 3927 581 3968 a
604 3907 840 3990 simplicissima
868 3909 995 3972 dicendi
1024 3912 1145 3973 ratione
1174 3910 1358 3973 ascenderet

183 4008 221 4070 ad
245 4010 397 4092 loquendi
420 4015 683 4079 consuetudinem
709 4015 938 4100 difficillimam,
962 4018 1177 4101 grammaticis
1195 4016 1359 4100 praeberet

183 4116 295 4179 siluam
322 4120 494 4202 copiosam,
524 4142 540 4184 e
565 4142 707 4206 quasue
738 4125 873 4207 quisque
896 4145 983 4188 more
1010 4128 1183 4207 promeret,
1213 4144 1294 4207 quae
1318 4125 1358 4187 ad

183 4243 298 4306 pueros
327 4227 538 4292 instItuendos
566 4232 644 4313 ipsis
673 4238 746 4314 apta
775 4231 968 4295 uiderentur.
1016 4230 1108 4306 duod
1133 4230 1358 4296 1111111111-

184 4337 270 4393 ctum
295 4338 349 4394 est.
396 4332 479 4396 Nam
501 4335 577 4398 inde
602 4359 620 4400 a
643 4338 784 4402 secundo
807 4339 872 4402 iere
895 4359 923 4421 p.
949 4337 1019 4400 Ohr.
1044 4338 1169 4401 saeculo
1193 4340 1359 4422 usquead

183 4443 325 4502 extrema
358 4443 511 4523 tempora,
551 4443 667 4525 quibus
698 4445 879 4509 Romanum
915 4464 1033 4508 nomen
1069 4444 1213 4508 Romana
1246 4450 1360 4509 natura

184 4564 276 4608 omne
301 4547 448 4628 denique,
476 4549 561 4630 quod
584 4549 764 4614 Romanum
787 4553 860 4633 1111,
888 4555 1085 4616 exstinctum
1109 4558 1169 4634 est,
1198 4552 1359 4616 Palaemo-

1194 4662 1216 4706 s
