3052 4958
695 468 916 530 -53,

172 699 175 703 ,
212 645 377 709 transferri
399 649 585 728 potuerunt,
615 643 701 726 qued
725 642 888 707 Charisius
912 642 1027 707 deinde
1048 661 1215 727 perperam
1238 642 1389 705 transcri-

211 753 299 836 psit?
346 751 492 834 Utraque
514 770 593 815 uero
616 751 774 834 particula
797 770 816 813 a
839 749 1033 814 Palaemone
1055 749 1197 832 profecta
1220 755 1281 827 est,
1312 768 1388 812 nam

211 859 332 923 etheo
355 858 503 939 adferam,
527 858 627 921 altera
645 858 777 941 alteram
800 858 936 939 respicit.
983 856 1065 920 item
1087 877 1116 940 p.
1141 858 1184 920 60
1206 857 1389 940 grammati-

213 985 284 1029 cus:
311 957 425 1049 ‘plus'',
454 965 512 1046 ait,
539 964 575 1026 in
602 967 752 1046 genetiuo
781 964 900 1048 plurali
923 962 1072 1048 (ratione)
1098 955 1260 1047 ‘plurrun'
1284 964 1389 1027 lacere

215 1072 340 1154 debere,
363 1090 428 1134 non
441 1063 619 1153 ‘plurium²;
644 1091 671 1154 p.
691 1073 794 1153 73,1o
812 1071 924 1134 eadem
942 1065 1072 1153 quidem
1090 1071 1156 1135 fere
1174 1070 1389 1153 proferuntur,

215 1179 353 1242 adicitm
375 1183 496 1240 tamen:
525 1169 601 1241 ‘sed
624 1179 823 1242 consuetudo
847 1179 990 1262 plurium
1019 1197 1093 1241 cum
1115 1180 1128 1240 i
1151 1170 1252 1243 dicit².
1300 1176 1390 1253 Quae

216 1286 392 1367 secundum
427 1284 564 1348 docendi
595 1283 798 1347 Palaemonis
834 1287 992 1349 rationem
1024 1286 1096 1347 non'
1125 1290 1260 1368 possunt
1291 1284 1390 1347 dubia

215 1393 327 1458 uideri.
372 1391 455 1456 Sunt
485 1395 516 1454 et
546 1391 622 1472 alia,
654 1378 737 1475 qnae
769 1411 843 1455 cum
872 1394 909 1454 in
937 1398 1086 1455 ueterum
1108 1392 1390 1474 grammaticormn

215 1499 351 1564 docendi
369 1517 494 1582 genere,
517 1503 588 1560 tum
604 1499 640 1560 in
659 1496 795 1561 Charisii
813 1498 1047 1562 transcribendi
1064 1499 1269 1582 neglegentia
1286 1499 1398 1580 posita

214 1613 305 1688 sunt3
332 1625 414 1691 quae
438 1605 566 1689 singula
587 1609 626 1669 ut
649 1605 884 1686 exanrinentur,
906 1605 958 1668 hic
977 1605 1108 1689 quidem
1130 1605 1220 1667 locus
1243 1624 1309 1667 non
1334 1609 1389 1668 est.

213 1714 299 1797 Satis
323 1715 410 1778 enim
431 1713 512 1775 mihi
533 1713 636 1776 multa
658 1712 759 1775 uerba
781 1712 895 1776 fecisse
917 1713 1043 1792 uideor3
1073 1732 1132 1776 nec
1156 1717 1220 1774 tam
1244 1713 1390 1795 copiosus

214 1823 250 1884 in
274 1819 407 1883 dicendo
437 1819 583 1901 fuissem,
606 1819 669 1882 nisi
693 1819 815 1882 dehoc
845 1821 915 1904 ipso
939 1821 1042 1902 capite
1064 1819 1183 1882 multae
1207 1824 1390 1882 controuer-

217 1930 283 1993 siae
303 1927 392 1990 inter
412 1927 501 1990 uiros
525 1926 634 1989 doctos
658 1927 864 1990 exstitissent.

305 2033 368 2111 eur
387 2038 569 2117 sequuntur
589 2025 733 2096 ‘Gradus
757 2035 1003 2118 comparationis
1026 2035 1096 2096 siue
1116 2025 1320 2096 conlationis'
1341 2051 1391 2095 ca-

214 2143 290 2228 pitis
317 2141 402 2205 XVI
433 2162 463 2224 p.
493 2142 825 2223 112,13-116,28,
857 2142 934 2205 inde
967 2162 986 2203 a
1013 2162 1041 2224 p.
1073 2141 1390 2222 114,30-116,28

214 2251 281 2313 iarn
305 2247 608 2313 aSchottmuellero
631 2268 661 2330 p.
681 2248 723 2311 20
743 2246 927 2312 Palaemoni
951 2248 1064 2311 tributi
1088 2253 1176 2327 sunt3
1202 2248 1255 2310 cui
1279 2247 1391 2310 adsen-

216 2358 288 2419 tior.
333 2356 379 2418 At
402 2373 483 2437 quae
510 2353 718 2437 praecedunt,
746 2374 765 2416 a
789 2374 929 2437 quonam
953 2355 1082 2417 ea'orta
1105 2354 1201 2417 sunt?
1249 2351 1391 2426 Quorum

218 2459 389 2541 auctorem,
411 2464 633 2542 praeterquam
657 2461 743 2542 quod
765 2480 868 2543 pauca
885 2459 1023 2524 Romani
1039 2461 1183 2524 frustula
1204 2460 1392 2542 interposita

216 2574 331 2650 essent,
349 2569 506 2630 incertum
526 2584 595 2631 esse
614 2567 858 2632 Sohottmueller
876 2570 1084 2632 existimauit.
1127 2566 1189 2631 Sed
1209 2567 1393 2649 conspirant

145 2739 148 2743 ,
216 2695 261 2757 ea,
286 2693 368 2758 quae
390 2673 430 2736 ab
445 2675 546 2736 'initio
572 2675 684 2757 capitis
706 2693 809 2757 usque
833 2675 873 2738 ad
896 2675 925 2758 p.
948 2677 1020 2757 114,
1031 2676 1073 2739 30
1096 2675 1308 2759 proferuntur,
1331 2674 1390 2735 ini-

213 2799 288 2846 rum
309 2783 346 2845 in
368 2780 502 2844 modum
525 2799 600 2844 cum
623 2782 678 2863 eis,
703 2801 785 2864 quae
809 2789 994 2865 sequuntur.
1035 2783 1156 2846 Eadem
1175 2783 1261 2846 eninr
1285 2781 1391 2864 appel-

213 2889 314 2970 latiua
336 2890 371 2951 in
393 2894 531 2971 utraque
553 2889 711 2971 particula
740 2891 776 2951 in
805 2890 989 2972 exemplum
1016 2895 1187 2966 uocantur3
1220 2907 1313 2970 porro
1344 2887 1391 2948 di-

213 2997 336 3060 ctiones
362 2996 450 3077 illae,
484 3015 564 3078 quas
596 3015 693 3079 supra
725 2996 902 3078 explicatu:
934 2988 1071 3078 ‘elatio²,
1098 2988 1151 3058 ‘in
1178 2996 1392 3058 conlationem

216 3097 356 3183 ueniro’,
391 3094 445 3164 ‘in
478 3104 745 3186 comparationem
784 3096 921 3183 uenire',
964 3096 1222 3166 ‘obseruabinrus
1259 3094 1391 3181 tamen-²,

216 3199 370 3273 ‘dicimus
393 3201 504 3290 enim',
526 3192 730 3272 ‘inuenimus
753 3212 860 3272 tamen
884 3209 968 3292 apud
992 3203 1161 3290 auctores',
1192 3209 1272 3272 aliae
1296 3210 1392 3272 etiam

215 3314 250 3377 in
269 3315 329 3378 hac
347 3316 503 3400 particula
519 3315 772 3398 frequentantur.
804 3314 918 3379 Totum
937 3316 1077 3398 denique
1093 3315 1269 3378 disserendi
1288 3335 1391 3399 genus

188 3420 417 3514 'Palaemonis
454 3428 510 3486 est
565 3422 713 3504 Accedit,
754 3422 839 3505 quod
869 3444 899 3506 p.
925 3424 997 3504 113,
1013 3424 1056 3486 20
1087 3423 1314 3506 grammaticus
1351 3422 1392 3485 ad

215 3530 409 3612 superiorem
439 3529 615 3591 doctrinam
637 3529 787 3592 recurrit:
819 3520 1088 3592 ‘ObSeruabimus
1111 3522 1242 3612 tarnen',
1274 3530 1389 3612 inquit,

214 3627 319 3718 ‘quod
341 3636 447 3718 ipsum
470 3637 536 3698 iam
559 3635 793 3717 adnotauimus
817 3637 949 3698 nomina
972 3641 1096 3699 tanturn
1124 3637 1159 3698 in
1183 3638 1391 3720 comparatio-

214 3740 312 3804 nibus
341 3743 478 3823 nersari,
510 3760 576 3804 nen
608 3743 703 3805 etiam
731 3736 921 3826 participia.
978 3742 1067 3819 Quae
1099 3744 1244 3808 doctrina
1275 3764 1304 3826 p.
1338 3744 1390 3824 48,
1514 3817 1517 3822 ,

217 3847 324 3910 1-16
349 3851 461 3909 exstat.
507 3848 616 3930 Atque
639 3853 815 3932 excerptor,
843 3850 900 3932 qui
921 3871 950 3933 p.
976 3852 1255 3933 555,30-557,2
1280 3849 1391 3912 eadem

213 3956 383 4036 praecepta
405 3954 516 4032 tradit,
544 3953 651 4017 lecum
677 3954 770 4016 illum
791 3954 959 4018 laudatum
987 3955 1086 4019 uerbo
1116 3962 1209 4020 tenus
1240 3957 1390 4020 seruauit

214 4057 266 4120 nx
289 4064 476 4143 excerptore
500 4066 614 4142 autem,
639 4063 696 4144 qui
718 4060 923 4125 Palaemonis
946 4063 1065 4126 librum
1089 4063 1191 4126 solum
1215 4063 1391 4147 descripsit,

167 4205 173 4235 ;
216 4165 378 4249 conligere
399 4186 582 4249 possumus,
612 4168 690 4251 quid
712 4167 930 4231 Romanianae
958 4169 1121 4233 doctrinae
1146 4167 1310 4234 Charisius
1337 4172 1392 4234 isti

150 4310 153 4316 ·
213 4272 389 4355 particulae
403 4273 642 4358 interposuerit,
663 4280 695 4338 et
714 4280 790 4338 sunt
807 4275 900 4338 haec:
920 4296 950 4358 p.
962 4277 1035 4357 114,
1048 4277 1147 4355 1-6;
1166 4277 1238 4358 114,
1249 4278 1390 4341 ‘ro—28.

153 4377 329 4463 ”ultaque
353 4381 434 4463 quin
456 4386 559 4444 toturn
581 4387 676 4466 capnt
693 4381 776 4445 XVI
795 4382 935 4464 exceptis
948 4380 1095 4466 ¹Romani
1113 4381 1260 4446 frustulis
1279 4383 1391 4447 Palae-

214 4487 320 4550 monis
343 4488 393 4569 sit,
417 4487 458 4550 ad
480 4488 639 4550 incertum
665 4490 811 4554 reuocari
839 4496 904 4553 non
932 4492 1043 4572 potest
1089 4488 1264 4553 Palaemon
1291 4492 1391 4575 igitur
