3052 4958
655 525 875 587 ..29..

172 705 269 768 totius
289 702 492 767 Charisianae
516 704 592 767 artis
616 703 743 785 singula
765 702 868 785 capita
890 720 932 764 er
956 700 1068 764 ordine
1085 719 1347 784 percenseamus3
1385 771 1387 775 ¹

172 831 235 894 quo
258 810 341 874 facto
358 795 406 873 ¹ad
428 808 617 874 Dositheum
640 813 672 872 et
695 808 735 871 ad
758 812 979 891 excerptorem
1001 806 1081 870 Boh.
1105 824 1281 891 pergemus,

262 918 370 1000 Atque
412 917 451 980 de
483 935 601 980 nouem
637 914 796 999 prioribus
832 915 927 997 primi
958 913 1034 976 libri
1065 914 1234 997 capitibus,
1268 932 1349 996 quae

172 1022 326 1087 breuibus
357 1024 595 1087 commentariis
628 1023 870 1086 continerentur
900 1020 982 1103 nihil
1014 1021 1110 1084 statui
1141 1021 1251 1100 licere,
1290 1021 1350 1082 etsi

174 1128 420 1194 Schottmueller
441 1131 496 1194 ille
524 1128 653 1213 quidem
682 1129 702 1193 l.
726 1129 746 1192 l.
769 1151 798 1212 p.
825 1131 865 1192 18
894 1128 1030 1207 censuit,
1062 1126 1272 1190 nihilominus
1304 1130 1350 1187 ta-

173 1256 249 1300 men
272 1236 368 1300 rebus
391 1237 524 1300 conlatis
547 1235 717 1319 dilatisque
741 1241 902 1299 auctorem
931 1253 1043 1298 eorum
1067 1234 1136 1296 erui
1158 1251 1252 1315 posse
1275 1251 1350 1295 con·

173 1342 247 1407 fido.
293 1344 364 1427 Age
386 1362 488 1427 porro,
512 1343 702 1408 adoriamur.
748 1342 818 1405 Iam
841 1342 857 1404 I
881 1346 912 1404 et
935 1340 969 1404 II
990 1332 1047 1403 ‘de
1070 1331 1293 1423 grammatioa'
1318 1343 1350 1402 et

171 1442 230 1513 ‘de
252 1444 348 1514 noce'
371 1451 474 1534 capita
492 1451 611 1514 codicis
631 1450 757 1514 defectu
775 1451 876 1533 plane,
900 1452 993 1531 caput
1012 1446 1064 1510 ΙΙΙ
1083 1451 1231 1531 exparte
1249 1447 1350 1531 perie-
1440 1492 1445 1499 -

172 1562 256 1620 runt.
311 1556 418 1641 Capite
449 1557 500 1621 HI
530 1557 607 1621 inde
639 1579 658 1620 6
689 1577 785 1622 uersu
811 1556 877 1619 VH
907 1576 936 1638 p.
962 1557 1138 1636 7-11‚7
1171 1555 1350 1617 litterarum

172 1665 319 1746 singulae
347 1666 468 1748 species
497 1682 670 1747 earumque
697 1664 876 1727 functiones
907 1662 1094 1746 explanatae
1121 1665 1205 1724 sunt.
1252 1658 1350 1724 Cuius

173 1771 304 1833 initium
336 1769 533 1834 aDositheo
557 1770 623 1834 VII
649 1792 679 1855 p.
703 1773 767 1835 381
801 1774 963 1835 seruatum
993 1773 1049 1832 est.
1094 1767 1143 1852 [In
1176 1769 1221 1831 eis
1256 1767 1350 1849 enim,

176 1895 257 1957 quae
284 1877 477 1940 interierunt
503 1877 587 1961 apud
611 1875 802 1959 Charisium,
825 1878 949 1940 litterae
978 1874 1122 1938 definitio
1151 1874 1269 1957 scripta
1291 1873 1351 1936 fuit

174 1983 231 2045 ita:
263 1977 398 2046 ‘Littera
426 1989 474 2048 est
497 1985 690 2049 elementum
719 1985 810 2049 uocis
839 1983 1032 2048 articulatae.
1077 1981 1281 2045 Elementum
1303 1986 1352 2044 est

174 2089 426 2172 uniuscuiusque
456 2092 504 2154 rei
533 2092 678 2174 initium,
710 2112 814 2176 aquo
846 2091 983 2155 sumitur
1005 2090 1239 2151 incrementum
1262 2093 1293 2151 et
1315 2088 1349 2150 in

176 2197 262 2277 quod
293 2198 474 2261 resoluitur.
539 2200 702 2264 Accidunt
733 2200 909 2282 unicuique
941 2198 1065 2260 litterae
1097 2214 1216 2258 nomen
1247 2195 1351 2278 figura

174 2297 336 2384 potestas'.
383 2302 471 2380 Quae
495 2311 674 2388 sequuntur
698 2306 736 2369 de
759 2306 882 2382 litteris,
906 2310 938 2368 et
961 2325 979 2367 a
1002 2301 1144 2367 Charisio
1169 2308 1199 2366 et
1222 2302 1351 2367 aDosi-

175 2407 247 2471 theo
275 2410 373 2472 simili
403 2411 498 2474 modo
529 2411 741 2494 proferuntur.
793 2411 883 2474 Inter
913 2416 1086 2492 utrumqne
1110 2429 1147 2473 ea
1166 2409 1232 2473 sola
1263 2409 1351 2472 diffe-

175 2517 278 2579 rentia
297 2521 353 2597 est,
378 2516 576 2599 quodmodo
595 2518 648 2581 hic
667 2518 762 2580 modo
781 2518 837 2582 ille
856 2518 1042 2601 diligentius
1060 2515 1132 2579 uice
1150 2535 1242 2580 uersa
1263 2517 1351 2582 fonte

175 2624 332 2686 exhausto
359 2625 450 2707 plura
477 2624 597 2706 recepit
618 2625 676 2706 ita,
707 2630 743 2688 ut
773 2644 861 2688 nunc
885 2623 1046 2688 Charisius
1070 2642 1157 2686 nunc
1179 2621 1351 2689 Dositheus

174 2730 351 2813 pleniorem
387 2730 563 2816 doctrinam
594 2731 758 2815 praebeat3
797 2737 941 2795 ceterum
977 2731 1076 2794 uerbo
1114 2734 1208 2793 tenus
1241 2730 1351 2795 eadem

174 2843 341 2920 praecepta
360 2836 521 2902 exhibent.
559 2836 647 2913 Quae
665 2839 789 2923 plenior
808 2838 961 2920 doctrina,
982 2838 1134 2921 quoniam
1153 2837 1249 2899 etiam
1268 2838 1351 2923 apud

174 2940 364 3012 Diomedem
387 2944 404 3008 I
425 2966 454 3029 p.
479 2947 544 3009 422
568 2965 612 3026 sq.
637 2945 787 3026 occurrit,
816 2965 835 3007 a
856 2949 970 3008 neutro
992 2946 1125 3007 inuenta
1148 2962 1217 3021 esse
1239 2949 1351 3027 potest.

175 3047 271 3115 Unde
294 3051 390 3114 simul
418 3051 584 3115 euidenter
607 3051 842 3115 demonstratu
869 3070 929 3115 nec
952 3050 1142 3116 Dositheum
1166 3070 1184 3112 6
1208 3048 1350 3116 Charisio

176 3172 236 3219 nec
256 3154 432 3220 charisium
451 3178 470 3220 a
487 3156 640 3220 Dositheo
658 3157 808 3241 pendere.
848 3158 903 3240 Ea,
928 3179 946 3221 6
970 3157 1086 3241 quihus
1107 3155 1242 3221 Charisii
1266 3177 1351 3222 com-

176 3265 351 3327 mentarius
379 3265 501 3348 incipit,
529 3264 570 3327 ad
592 3261 738 3328 Dosithei
768 3265 944 3328 doctrinam
967 3285 1061 3347 supra
1083 3270 1262 3348 promptam
1285 3271 1351 3329 arte

174 3388 210 3433 se
234 3371 400 3454 applicant.
446 3370 557 3454 Pergit
583 3372 670 3434 enim
697 3377 833 3456 uterque
860 3373 1087 3456 grammaticus
1116 3371 1241 3435 dooere:
1269 3363 1351 3436 ‘No-

175 3494 250 3539 men
274 3481 323 3540 est
346 3496 408 3559 quo
432 3478 615 3562 appellatur,
637 3477 740 3562 figura
763 3499 827 3562 qna
853 3484 990 3562 notatur,
1013 3485 1151 3564 potestas
1178 3500 1240 3560 qua
1257 3480 1350 3544 ualet.

174 3581 368 3647 litterarum
395 3584 476 3649 aliae
503 3589 579 3648 sunt
607 3585 746 3665 11666166,
775 3586 854 3648 aliae
882 3593 1093 3651 consonantes
1117 3639 1123 3652 .
1148 3637 1155 3650 .
1180 3580 1202 3651 .’
1248 3585 1352 3662 Quem

172 3681 231 3754 ‘de
246 3684 374 3754 litteris’
398 3692 663 3755 commentarium
678 3691 718 3755 ab
732 3711 798 3756 uno
818 3691 994 3774 eodemque
1013 3699 1118 3758 ortum
1137 3713 1205 3758 6666
1224 3700 1351 3757 61161616

175 3814 251 3859 cunr
265 3816 282 3860 e
300 3797 479 3862 disserendi
496 3799 550 3861 uia
564 3803 633 3862 tum
651 3797 728 3861 indo
743 3798 854 3881 elucet,
871 3799 957 3882 quod
974 3806 1111 3885 uterque
1125 3802 1351 3885 grammaticus

177 3901 353 3967 doctrinam
375 3904 475 3968 uerbo
500 3910 594 3969 tenus
618 3906 752 3969 eandem
774 3906 923 3970 reddidit.

267 4007 368 4093 Caput
387 4010 444 4094 IV,
474 4011 559 4095 quod
580 4033 609 4096 p.
637 4014 870 4094 11,8-13,15
892 4006 950 4077 ‘de
973 4007 1121 4095 syllabis'
1144 4015 1249 4096 refert,
1273 4015 1352 4078 duas

174 4116 346 4198 particulas
368 4118 582 4202 amplectitur:
612 4140 642 4203 p.
669 4121 895 4202 11‚8-12,3
921 4124 952 4184 et
974 4142 1003 4204 p.
1030 4123 1278 4203 12,4-13‚15
1301 4122 1353 4185 his

174 4222 282 4287 uerbis
302 4224 463 4289 disiectas:
488 4219 584 4288 ‘Aliis
606 4227 649 4289 ita
671 4227 709 4289 de
728 4226 852 4308 syllaba
868 4227 988 4311 placuit
1007 4223 1166 4292 definire'.
1207 4228 1352 4292 Priorem

176 4348 272 4412 quarn
302 4333 396 4415 posui
420 4336 544 4415 partem
566 4331 738 4398 Dositheus
766 4355 796 4418 p.
822 4336 895 4417 386,
912 4337 1106 4417 8—347,8
1136 4336 1234 4400 uerbo
1258 4341 1352 4400 tenus

175 4436 352 4522 eodemque
377 4438 488 4503 ordine
512 4439 682 4521 deriuauit;
714 4461 777 4525 quo
801 4441 950 4523 efficitur,
973 4448 1011 4506 ut
1034 4442 1073 4506 ab
1097 4443 1222 4525 eodem,
1246 4463 1265 4505 a
1288 4462 1352 4527 quo

174 4548 269 4626 caput
291 4543 355 4627 ΠΙ,
379 4550 507 4610 auctore
530 4552 656 4632 sumpta
679 4549 733 4629 sit3
762 4550 881 4613 mirum
904 4551 991 4614 enim
1015 4556 1099 4616 esset
1119 4552 1353 4635 grammaticos,
