3052 4958
675 253 894 315 -62-

193 432 397 496 substantiua
424 435 455 494 et
488 429 647 494 adiectiua
675 429 852 513 explanata.
897 427 1022 492 Verum
1050 428 1146 492 etiam
1170 427 1372 510 reliquarum

194 539 348 603 orationis
370 538 511 622 pa1tium
531 530 700 600 ‘catholica
722 527 817 618 uaga’
840 536 875 598 in
894 535 956 600 hoo
975 535 1078 619 capite
1094 538 1252 618 pertracta
1269 534 1372 598 fuisse

193 645 269 709 inde
292 645 419 726 simrito,
448 643 534 726 quod
560 662 663 726 pauca
691 643 920 725 pronominum
942 640 1168 705 aduerbiorum
1192 641 1373 704 coniuncti-

194 771 294 816 onum
321 751 424 815 frusta
453 752 488 813 in
516 754 658 813 extremo
687 750 790 832 capite
821 749 933 812 relicta
960 753 1042 813 sunt.
1088 746 1240 831 Vulgaris
1263 751 1375 811 autem

189 858 309 928 'harum
336 858 474 941 partium
503 856 589 940 apud
619 857 787 938 scriptores
811 874 898 936 usus,
926 875 1001 918 oum
1027 856 1137 918 minus
1163 854 1265 938 ampla
1288 860 1376 919 esset

189 984 306 1029 earum
330 964 486 1046 doctrina,
515 962 638 1046 regulis
666 961 869 1046 generalibus
897 963 1062 1046 explicatis
1090 963 1281 1027 subiunctus
1303 961 1376 1042 fuit,

195 1072 230 1134 id
250 1071 336 1154 quod
354 1070 431 1134 inde
453 1069 614 1153 probatur,
639 1069 725 1152 quod
748 1069 905 1133 nonnulla
928 1069 1157 1134 aducrbiorum
1171 1069 1377 1133 Palaemonis

188 1177 342 1260 vexempla
369 1197 399 1261 p.
421 1177 493 1257 189,
513 1195 558 1258 sq.
585 1180 713 1258 recepta
743 1180 819 1238 sunt
848 1196 867 1239 a
895 1174 1045 1240 Charisio.
1090 1175 1229 1260 Reliqua
1257 1177 1377 1240 harum

196 1284 349 1348 orationis
372 1285 512 1367 partium
536 1281 683 1365 exempla
705 1283 800 1365 plane
824 1284 942 1347 omissa
964 1288 1047 1347 sunt
1091 1281 1253 1346 Charisius
1281 1282 1377 1347 uide-

194 1392 272 1456 licet
303 1391 380 1455 inde
412 1410 431 1453 a
463 1392 564 1474 capite
592 1388 686 1472 XVI,
720 1409 792 1454 cum
825 1391 862 1452 in
894 1391 996 1473 capite
1028 1389 1094 1452 XV
1122 1390 1208 1454 haud
1239 1390 1378 1454 feliciter

189 1499 326 1580 egisset,
350 1516 420 1560 eam
443 1501 571 1561 secutus
595 1502 643 1561 est
665 1497 944 1579 consuetudinem,
967 1502 1005 1560 ut
1026 1496 1147 1580 regulis
1171 1496 1377 1563 Palaemonis

195 1604 402 1688 generalibus
430 1623 471 1667 ex
498 1610 587 1688 parte
616 1605 816 1688 transcriptis
839 1603 1019 1667 breuiorem
1045 1601 1184 1666 Romani
1211 1604 1377 1687 exemplo·

195 1729 269 1774 rum
301 1713 567 1773 commentarium
600 1730 618 1772 a
650 1709 844 1774 Palaemone
876 1710 1011 1793 aliisque
1042 1712 1178 1794 petitum
1208 1712 1244 1774 in
1276 1730 1377 1774 usum

197 1836 294 1881 suurn
317 1820 463 1879 uerteret.
509 1817 567 1879 Ait
590 1818 677 1879 enim
701 1817 866 1900 analogiae
895 1817 1045 1880 doctrina
1068 1816 1216 1880 uberiore
1239 1815 1378 1900 abrupta

195 1944 225 2007 p.
248 1926 320 2004 117,
340 1925 360 1984 5
383 1923 467 2006 ipse:
497 1914 610 1985 ‘Cuius
633 1923 679 1985 rei
702 1929 821 1987 rectam
848 1925 1006 1987 rationem
1032 1924 1161 1987 interim
1191 1923 1378 1988 differamus

196 2031 339 2093 contenti
369 2030 488 2113 paucis,
523 2048 606 2111 quae
638 2031 779 2113 exempli
810 2032 913 2114 gratia
944 2030 1044 2094 Gaius
1070 2029 1181 2094 Julius
1208 2029 1377 2093 Romanus

191 2136 258 2200 sub
283 2137 396 2200 eodem
421 2137 513 2200 titulo
538 2138 706 2220 exposuit.
723 2187 729 2200 .
745 2129 770 2200 .'
808 2136 907 2202 Cuius
931 2138 1196 2201 commentarium
1219 2136 1280 2200 hoo
1303 2137 1377 2219 qui·

191 2243 271 2308 dem
302 2243 374 2307 loco
405 2244 537 2328 plenum
570 2245 731 2326 accepisse
763 2245 901 2309 uidetur.
955 2245 1071 2308 Postea
1102 2263 1179 2307 uero
1212 2262 1278 2306 non
1309 2243 1379 2305 nisi

197 2357 321 2434 partem
343 2350 481 2414 Romam
504 2351 733 2433 exemplorum,
756 2352 791 2414 id
813 2351 898 2431 quod
920 2353 988 2435 ipse
1010 2372 1038 2434 p.
1059 2354 1135 2430 229,
1155 2353 1214 2430 333
1239 2352 1377 2428 23111

196 2458 326 2540 indicat,
350 2459 465 2521 asciuit
484 2477 522 2520 ea
538 2457 673 2520 forsitan
692 2459 731 2521 de
750 2478 855 2540 causa,
881 2458 967 2541 quod
990 2452 1113 2523 ‘artem’
1131 2459 1227 2522 nimis
1245 2456 1378 2541 longam

192 2564 298 2635 'filiolo
326 2565 468 2626 futuram
496 2565 644 2646 opinatus
673 2569 720 2626 est
747 2569 803 2627 aut
831 2564 918 2647 quod
940 2565 1154 2629 transcribere
1176 2583 1252 2631 eum
1273 2565 1379 2648 magis

198 2671 366 2754 magisque
389 2676 571 2753 pertaesum
594 2675 650 2733 est.
697 2670 820 2734 Verum
848 2673 935 2735 enim
962 2691 1039 2736 uero
1062 2691 1180 2756 magno
1204 2690 1299 2755 opere
1322 2670 1379 2737 de-

198 2776 391 2861 plorandum
427 2781 486 2858 111,
520 2776 607 2859 quod
638 2778 828 2861 primarium
861 2778 995 2861 fontem,
1032 2779 1234 2843 Palaemonis
1266 2783 1379 2860 artem,

192 2903 265 2946 non
294 2884 435 2947 retinuit.
483 2882 630 2968 Namque
660 2891 697 2948 ut
725 2904 791 2948 non
822 2885 926 2949 dicam
959 2888 1148 2970 scriptorum
1181 2885 1328 2969 exempla
1359 2905 1380 2948 a

200 2991 394 3056 Palaemone
417 2989 561 3055 exhibita
585 3030 626 3036 —
651 3012 726 3054 nam
751 3011 833 3075 quae
856 2991 1021 3056 Romanus
1044 2994 1187 3057 seruauit
1209 2997 1241 3056 et
1263 2993 1380 3057 decur-

192 3103 265 3161 tata
288 3105 320 3162 11
343 3098 515 3182 deprauata
538 3102 681 3160 sunt-
703 3099 871 3181 interiisse,
894 3119 935 3162 ne
958 3100 1087 3184 regulae
1110 3098 1274 3183 generales
1296 3099 1379 3162 istae

191 3205 333 3288 ,quidem
364 3206 460 3288 plane
492 3205 628 3268 traditae
655 3210 738 3267 sunt.
784 3205 894 3288 Atque
922 3207 961 3270 dc
988 3205 1070 3270 libro
1099 3204 1273 3270 CharisiiI
1300 3205 1379 3269 satis

200 3312 324 3376 dictum
347 3317 409 3390 est3
436 3313 606 3375 ueniamus
629 3330 718 3374 nunc
741 3311 781 3374 ad
803 3312 935 3395 reliqua.

492 3684 528 3747 B.
569 3692 620 3747 De
642 3693 732 3748 libro
757 3693 900 3749 charisii
923 3692 1084 3748 secundo.

291 3844 340 3908 De
363 3845 393 3928 Ι,
415 3845 462 3927 ΙΙ,
485 3844 548 3923 ΙΠ,
571 3845 628 3928 IV,
651 3846 682 3907 V
704 3846 780 3909 libri
803 3846 836 3909 ll
860 3846 1024 3930 capitibus,
1048 3865 1130 3928 quae
1153 3845 1289 3930 singulis
1312 3846 1379 3910 iere

202 3953 351 4017 uersibus
374 3958 528 4036 constant,
550 3972 608 4036 per
630 3973 664 4017 se
688 3953 768 4015 nihil
792 3955 889 4016 statui
911 3958 1022 4036 potest.
1060 3953 1143 4017 Sunt
1166 3954 1252 4017 enim
1273 3953 1379 4016 notio-

202 4080 282 4124 num
306 4060 515 4124 definitiones.
562 4059 626 4124 Sed
650 4060 834 4143 conspirant
859 4060 920 4122 hae
949 4058 1150 4124 definitiones
1177 4060 1259 4123 miro
1281 4059 1379 4123 modo

193 4187 278 4231 ,oum
302 4169 362 4250 111,
387 4168 526 4250 quaein
550 4168 653 4249 capite
677 4165 726 4228 VI
747 4165 961 4248 proferuntur.
1007 4167 1057 4229 Ac
1083 4168 1222 4250 primurn
1246 4167 1379 4250 quidem

202 4273 290 4354 quod
319 4275 360 4337 ad
388 4274 500 4357 capitis
528 4272 561 4335 ll
592 4267 650 4347 ‘de
681 4265 814 4356 genere'
844 4273 1064 4338 definitionem
1091 4274 1219 4338 attinet:
1250 4267 1380 4339 ‘Genus
